1835 2968
802 213 873 250 129

174 303 302 339 essent
339 296 571 352 (Άγό-λαος,
612 301 823 356 ἀρχό-λαος
860 314 963 355 unde
1004 321 1091 359 orta
1129 333 1212 361 esse
1222 322 1249 373 z)
1293 320 1486 377 Ἀγέλαος,

173 361 362 415 ἀρχέλαος
379 369 422 417 ¹).
475 369 612 419 Atque
643 375 752 422 prior
783 391 874 427 pars
900 394 970 420 cur
994 396 1067 433 pro
1094 388 1217 426 vocali
1244 402 1265 425 ο
1291 404 1369 431 non
1395 408 1486 434 raro

172 443 256 469 eam
284 444 370 481 quae
397 436 457 472 est
483 446 502 471 ε
528 435 673 477 habeat
696 440 952 493 interroganti
977 452 1196 502 respondet,
1225 459 1269 495 ut
1296 470 1317 494 ο
1344 460 1486 501 vocalis

170 496 221 536 ad
247 510 386 537 nomen
418 502 568 548 agentis
600 505 894 554 significandum
920 513 1181 569 adhiberetur,
1207 521 1265 562 ita
1289 525 1484 567 verbalem

169 563 277 602 illam
303 566 492 605 rationem
519 568 802 620 interpretandi
829 579 999 619 vocalem
1027 595 1056 630 ε,
1084 597 1162 634 qua
1187 587 1481 643 significaretur,

168 630 427 679 requisivisse:
460 633 563 673 ”was
595 638 667 675 wir
691 641 823 679 verbal
836 642 991 693 fiihlem
1017 649 1094 688 soll
1118 653 1218 691 auch
1243 657 1483 698 entschz'eden
1496 699 1510 712 ,

166 696 317 734 verbale
346 698 494 744 qestalt
524 700 668 740 hab-eff
684 706 729 755 2).
783 708 884 747 Eam
915 716 1045 752 autem
1071 717 1241 758 vocalem
1269 734 1355 771 quae
1382 729 1483 765 esset

166 774 180 797 ι
206 761 256 800 ab
282 764 418 803 aoristi
443 766 628 817 stirpibus
653 771 694 809 in
723 785 782 810 -σι
808 778 847 814 et
873 777 924 815 ad
949 783 1159 828 praesentia
1184 785 1362 837 (propter
1379 790 1480 830 simi·

163 827 364 868 litudinem
393 825 532 881 ;ἆρηξι,
560 833 694 882 διωξι-
719 861 770 866 -
796 835 914 889 ἅεξι-,
942 839 1070 893 ἅλεξι-
1089 872 1133 877 -
1155 863 1301 900 τερπι-,
1325 859 1480 908 πειθι-)

161 897 202 932 et
226 893 277 933 ad
303 897 488 935 aoristum
515 901 727 942 secundum
758 905 891 956 (λησι-,
919 908 1048 959 luth„
1076 910 1257 969 ἆμαρτι-)
1281 923 1478 962 transiisse

160 959 330 1008 (confert
356 956 462 1009 εἶπα,
490 959 641 1016 ἤνεγκα)
657 969 701 1018 3).

261 1025 435 1068 Transeo
468 1030 518 1068 ad
551 1044 599 1070 ea
630 1039 895 1078 enumeranda
927 1054 1013 1090 quae
1039 1047 1144 1095 apud
1170 1049 1409 1102 Aeschylum
1436 1060 1477 1094 et

158 1089 373 1131 Pindarum
400 1095 663 1137 inveniuntur:

255 1225 290 1251 a.
344 1213 448 1253 Pars
467 1217 580 1264 prior
598 1231 674 1267 per
699 1233 904 1264 consonam
930 1229 1019 1268 exit.

254 1303 334 1342 Ae:
363 1299 605 1358 ἅστεργάνωρ
630 1324 690 1360 pr.
718 1316 792 1352 898
818 1316 1082 1372 (παρθενίαν),
1108 1322 1289 1377 ἕλανδρος
1314 1344 1374 1380 ag.
1396 1337 1469 1373 689

151 1367 217 1417 (de
243 1368 426 1420 Helena),
452 1371 632 1425 μενέγχης
657 1381 712 1427 pt.
738 1379 785 1418 fr.
804 1383 879 1420 449
906 1384 1040 1433 (μ-εας
1066 1384 1236 1443 ἄνδρας),
1262 1395 1467 1450 πειθάνωρ

150 1446 209 1481 ag.
240 1437 337 1473 1639
364 1436 541 1489 (πῶλον),
568 1440 789 1491 πείῧαρχος
813 1460 915 1496 pers.
944 1454 1018 1490 374
1036 1453 1191 1507 (φρενί),
1219 1460 1423 1513 ποιμάνωρ
1433 1468 1467 1517 ⁴)

149 1511 249 1549 pers.
290 1503 375 1550 241,
417 1501 610 1555 στυγάνωρ
648 1520 707 1558 pr.
751 1514 823 1551 724
861 1510 1098 1564 (Ἀμαζόνων
1127 1524 1292 1573 στρατὸν
1316 1532 1464 1582 σ-ορα),
1503 1536 1506 1537 ’

148 1563 346 1616 φέρασπις
371 1568 409 1606 h.
437 1581 496 1618 ag.
526 1573 600 1610 694
625 1574 822 1628 (κυναγοί),
847 1593 949 1629 pers.
977 1586 1051 1623 240
1069 1587 1231 1640 (σαγαί),
1258 1593 1465 1644 φερέγγυος

147 1630 195 1669 al.
223 1636 319 1682 sept.
349 1636 433 1683 396,
461 1635 691 1687 φιλαιακτός
716 1654 799 1693 sup.
827 1648 901 1684 803
928 1648 1072 1699 (φ-τῶν
1089 1654 1122 1703 ⁵)
1148 1658 1301 1708 κακῶν),
1329 1660 1463 1711 φιλαί-

144 1709 268 1743 ματος
306 1699 355 1738 al.
389 1705 485 1751 sept.
518 1705 568 1741 45
602 1703 779 1759 (Φόβον),
808 1709 1004 1762 φιλαίτιος
1028 1718 1078 1757 al.
1106 1733 1189 1772 sup.
1217 1725 1291 1763 485
1318 1723 1460 1779 (λεώς),

144 1760 351 1814 φίλανδρος
390 1767 439 1806 al.
479 1773 576 1818 sept.
617 1774 688 1810 901
721 1773 888 1827 (πέδον),
924 1779 1208 1834 φιλάνθρωπος
1233 1789 1282 1828 al.
1309 1805 1369 1841 pr.
1399 1797 1458 1844 11,

143 1829 191 1866 28
230 1827 423 1884 (τρόπου),
463 1831 635 1886 φιλάνωρ
666 1851 767 1889 pers.
801 1845 873 1882 136
900 1844 1068 1900 (πόθῳ),
1094 1864 1154 1901 ag.
1182 1855 1254 1894 411
1283 1855 1457 1912 (στίβοι),

142 1895 214 1932 856
241 1894 455 1950 (τρόπους),
495 1899 668 1952 φιλήνιος
692 1919 751 1956 pr.
779 1910 853 1947 465
880 1910 1073 1965 (ἵππους),
1115 1916 1346 1972 φιλόδυρτος
1371 1938 1455 1977 sup.

141 1961 187 1997 69
227 1961 342 2013 (φ-ος
378 1960 578 2005 Ἰαονίοισι
617 1966 797 2023 νόμοισι),
837 1972 1036 2025 φίλοικτος
1073 1986 1129 2032 pt.
1169 1998 1228 2034 ag.
1261 1990 1336 2027 240
1366 1987 1455 2041 (ἀπ’

139 2019 313 2074 όμματος
337 2028 440 2078 βέλει
459 2035 573 2085 φ-ῳ),
592 2033 765 2087 φίλορνις
781 2032 836 2090 pt.
856 2055 955 2083 eum.
975 2048 1024 2085 23
1042 2047 1215 2103 (πέτρα),
1240 2054 1454 2110 φυγαίχμης

136 2094 191 2139 pt.
217 2105 319 2141 pers.
351 2099 447 2135 1025
474 2097 613 2150 (λαός).

236 2275 263 2313 ¹)
285 2275 320 2308 P.
344 2278 414 2310 164.

235 2325 264 2363 ²)
285 2326 322 2359 P.
344 2328 416 2362 164.

234 2377 259 2413 ³)
281 2377 317 2409 P.
340 2379 409 2419 199,
432 2381 503 2414 200.

232 2426 261 2464 ⁴)
284 2427 384 2461 Verbi
405 2431 498 2474 origo
519 2434 657 2469 obscura
677 2440 737 2471 est.

231 2477 258 2518 ⁸)
278 2477 381 2512 Dind:
405 2483 603 2522 φιλοπόνων.

1276 2566 1314 2598 15
