1835 2968
794 195 841 231 81

262 295 302 335 ba
358 289 615 343 Compositum
640 292 851 332 adnomen
876 293 982 332 alius
1004 294 1157 343 qenes-is
1181 292 1361 342 refertur.

264 378 345 418 Ae:
372 371 641 423 λεονιόχορτος
667 372 715 412 fr.
744 375 816 412 316
842 369 1059 425 (βούβαλιν)
1085 374 1145 414 cfr
1168 374 1209 414 id
1226 374 1331 426 quod
1347 376 1471 415 nostri

163 446 300 485 dicunt
341 442 455 480 ”vara
492 440 669 489 (utqara)
707 438 946 488 kanonmaffl,
991 437 1260 492 δημιοπληθής
1297 454 1357 490 ag.
1399 444 1469 480 129

163 506 322 563 (κτήνη),
363 502 565 549 νεόπτολις
602 516 700 543 eum.
741 506 814 542 690
854 501 1010 555 (πτόλιν
1033 507 1128 557 ν-ιν)
1154 502 1392 557 πολύανδρος
1414 510 1470 558 pt.

163 586 267 628 pers.⁴
292 577 365 614 533
391 571 604 623 (Περσῶν),
636 583 696 619 ag.
724 573 797 608 693
824 567 935 621 (π-οί
958 584 1001 609 τε
1026 569 1267 623 φεράσπιδες
1292 570 1472 624 κυναγοὶ),

165 640 313 692 δίφυιοι
352 642 406 689 pt.
448 649 507 685 ag.
547 638 656 684 1469,
695 633 910 686 τρίμορφος
946 640 1000 686 pt.
1028 649 1087 687 pr.
1115 640 1188 676 516
1214 638 1366 688 (μοῖραι
1391 651 1473 676 τ-οι

166 710 224 746 tre
249 707 330 756 m.),
357 700 505 756 ἀγήνωρ
531 701 569 740 h.
597 704 693 752 sept.
723 703 797 740 124
822 698 1050 753 (μέδοντες).

265 771 316 810 P:
354 765 576 818 μεγαλάνωρ
608 770 663 817 pt.
690 771 770 817 pyt.
797 766 831 815 I,
860 769 908 806 52
934 764 1027 817 (ἐών
1051 769 1185 818 μ-ωρ),
1215 764 1475 817 μεγαλόπολις

165 838 215 878 al.
241 840 320 888 pyt.
347 834 406 882 ΙΙ,
436 836 455 871 1
483 833 609 883 (μ-ιες
635 828 880 882 Συράκοσαι),
912 835 992 882 pyt.
1024 832 1117 882 VII,
1147 836 1166 871 1
1199 830 1424 883 (μ-πτόλιες
1439 834 1475 883 ¹)

165 899 364 950 Ἀθᾶναι),
390 894 563 948 μεγάνωρ
591 897 640 936 01.
667 897 702 946 Ι,
730 900 752 936 2
778 894 994 948 (πλούτου),
1022 893 1174 946 ἆγάνωρ
1199 898 1238 937 h.
1257 898 1306 938 ol.
1325 898 1406 948 IX,
1426 901 1474 937 25

165 967 339 1019 (ἵππου),
365 960 551 1014 ἁδυμελής
576 965 613 1002 h.
641 963 690 1002 ol.
716 962 773 1012 X,
802 965 850 1001 14
874 959 1067 1013 (κόσμον),
1099 962 1337 1013 πολύχρυσος
1360 964 1399 1004 h.
1425 964 1475 1003 fr.

167 1036 252 1082 239,
280 1043 298 1073 2
325 1026 539 1082 (πλούτου),
578 1025 776 1077 ἑκατόμβα
813 1029 850 1067 h.
891 1032 970 1079 pyt.
1010 1029 1067 1078 X,
1109 1032 1169 1078 33,
1211 1025 1396 1081 ὁμηγυρής
1420 1033 1475 1081 pt.

96 1142 99 1145 .
165 1103 244 1151 pyt
271 1097 353 1146 XI,
380 1100 415 1135 8·
876 1107 878 1109 ’

101 1186 103 1189 v
268 1163 338 1204 Ad
375 1162 615 1201 substantiva
652 1164 893 1210 transgressa
923 1164 1014 1200 sunt
1045 1159 1279 1212 πανσέληνος
1302 1161 1353 1201 al.
1379 1165 1475 1213 sept.

168 1228 436 1280 389,(λαμπρὰ
454 1240 550 1272 π-ος
567 1223 760 1276 ,ἐν-σάκει),
780 1221 983 1263 ἀντίποινα
996 1226 1045 1265 al.
1061 1239 1159 1265 eum.
1175 1230 1260 1276 268,
1273 1240 1375 1278 pers.
1389 1230 1475 1267 476.

268 1295 399 1345 Hujus
424 1294 575 1342 generis
600 1283 660 1337 (4)
685 1292 985 1341 compositorum
1011 1292 1188 1342 exempla
1209 1293 1315 1343 apud
1332 1293 1477 1333 Home-

167 1374 265 1411 rum,
305 1371 538 1410 quamquam
577 1370 704 1409 pauca
741 1361 842 1406 sunt,
881 1361 1011 1397 tamen
1050 1371 1128 1398 non
1165 1358 1281 1409 plane
1319 1358 1476 1399 desuntz

166 1424 312 1479 ἀγήνωρ
339 1422 493 1473 (θυμός,
518 1426 758 1475 μνηστῆρας),
786 1419 1006 1475 ἅνδραχθής
1031 1423 1266 1473 (χερμάδια),
1296 1422 1478 1473 ναύλοχος

167 1489 321 1544 (λιμήν),
347 1488 550 1542 περίκηλος
575 1487 762 1538 (δένδρεα,
788 1485 909 1536 ξύλα).
948 1489 1026 1529 Sed
1051 1494 1182 1529 tamen
1206 1491 1247 1530 id
1265 1491 1477 1531 notandum

168 1563 237 1606 est,
278 1557 393 1608 quod,
432 1569 549 1606 quum
588 1554 806 1605 Aeschylus
832 1554 946 1604 hujus
973 1557 1124 1604 generis
1150 1558 1364 1607 composita
1388 1570 1477 1597 cum

167 1623 395 1672 nominibus,
434 1634 520 1671 quae
557 1619 773 1668 significent
812 1620 974 1667 turbam,
1005 1621 1172 1670 qlobum,
1197 1622 1363 1661 libenter
1388 1635 1477 1662 con—

163 1689 313 1740 jungat,
341 1688 415 1727 hoc
441 1691 481 1726 et
505 1686 555 1726 ab
581 1686 756 1725 Homero
781 1689 822 1725 et
847 1698 872 1725 a.
896 1685 1068 1726 Pindaro
1086 1687 1201 1737 plane
1219 1687 1388 1727 alienum
1406 1691 1475 1727 est.

168 1752 303 1804 Atque
330 1753 435 1804 apud
461 1752 693 1802 Sophoclem
719 1763 872 1801 quoque
898 1751 1003 1790 haud
1029 1753 1108 1792 scio
1133 1765 1183 1791 an
1207 1752 1342 1792 eodem
1362 1752 1478 1793 modo

163 1824 231 1859 ‘res
269 1832 310 1859 se
349 1818 502 1868 habeat,
540 1830 774 1868 quamquam
811 1817 906 1857 talia
943 1817 1055 1858 finxit
1093 1819 1225 1869 qualia
1253 1823 1343 1860 sunt
1368 1815 1477 1868 πάμ-

169 1885 335 1929 πλουιος
361 1881 520 1932 (ὄλβος),
547 1880 767 1932 πάγχορτος
790 1879 981 1930 (σίτοισι),
1008 1881 1224 1935 δύσομβρος
1250 1883 1385 1936 (βέλη).

271 1989 303 2016 c.
357 1975 531 2015 Maxime
569 1978 662 2014 sunt
700 1988 746 2013 ea
783 1975 1133 2023 animadvertenda,
1172 1988 1334 2026 quorum
1367 1977 1478 2025 prior

161 2054 264 2092 pars
289 2045 348 2081 est
374 2056 399 2079 α
417 2042 665 2091 privativum,
683 2043 882 2090 posterior
908 2045 1036 2081 antem
1064 2042 1161 2080 idem
1178 2041 1401 2080 vocabulum
1426 2042 1482 2080 ad

170 2109 271 2160 quod
308 2108 556 2158 compositum
593 2106 773 2156 refertur.
828 2107 1053 2157 Siynificant
1084 2108 1162 2148 haec
1192 2109 1401 2158 composita
1426 2107 1477 2156 id,

170 2175 271 2225 quod
306 2178 461 2213 naturae
497 2185 579 2212 suoe
615 2177 816 2223 reptamus&
854 2175 913 2212 ita
944 2178 989 2213 ut
1013 2175 1162 2213 nomine
1187 2186 1257 2213 suo
1282 2174 1479 2223 indignum

170 2241 223 2290 sit
247 2243 318 2279 aut
339 2240 459 2289 plane
483 2239 691 2278 sublatum.
1066 2250 1072 2256 ·

271 2321 353 2359 Ae:
393 2317 509 2372 ἅναος
533 2333 634 2371 pers.
663 2323 736 2359 680
763 2321 869 2371 (νᾶες
894 2316 1009 2365 ἄναες
1033 2320 1151 2368 skepp
1176 2331 1258 2358 som
1283 2319 1319 2367 ιη’
1346 2319 1480 2368 ldnqre

171 2388 239 2425 ἅνο
278 2386 404 2435 migra
443 2387 569 2436 skepp.
610 2387 635 2425 i.
674 2399 703 2425 e.
733 2385 971 2437 Ῑὸνειόνάα),
1010 2381 1153 2434 ἷίνομος
1191 2384 1240 2424 al.
1280 2397 1339 2434 ag.
1381 2386 1478 2424 1142

273 2479 301 2515 ¹)
322 2477 400 2510 Var.
419 2477 577 2518 Διι-πόλιιες.

1339 2537 1359 2568 9
