1835 2968
796 212 819 249 9

147 323 223 355 π-ς
265 306 435 362 ἄφερτος
475 306 629 362 Ἄτας),
674 307 915 362 αὐτόμαρτυς
956 324 1017 360 ag.
1063 314 1156 360 988,
1200 305 1466 362 ἅληθόμαντις

146 390 207 426 ag.
237 379 346 426 1241,
386 374 623 425 κακόμαντις
652 381 708 427 pt.
735 382 832 428 sept.
875 381 945 417 721
987 379 1040 429 (κ.
1064 373 1235 428 Ἐρινύν),
1273 390 1375 427 pers.
1416 379 1465 416 10

146 440 323 495 (θυμός),
355 440 631 492 πρωτόμαντις
655 447 710 494 pt.
737 457 837 484 eum.
865 447 888 484 2
914 445 1087 496 (Γαῖαν).

249 510 300 549 P:
330 507 579 557 κλυτόμαντις
604 510 652 549 fr.
673 513 733 560 60,
753 522 772 553 2
800 512 879 561 (κ-ι
904 512 1070 562 Πυθοῖ),
1099 506 1341 558 ὀρθόμαντις
1365 521 1466 548 nem.

132 575 182 625 -Ι,
210 579 271 624 61,
297 574 541 620 Πανέλλανες
565 576 603 614 h.
631 577 732 615 istm.
760 576 818 625 II,
847 578 907 615 38.

250 640 347 693 Quae
386 654 508 692 supra
529 642 771 683 enumeravi
810 642 1035 692 composita,
1075 655 1124 681 ex
1160 641 1208 680 iis
1240 640 1467 690 dignissima.

145 711 238 747 sunt
268 708 476 747 observatu
507 721 565 757 ea,
593 721 680 757 quae
706 708 926 758 Aeschylus
951 707 1064 747 finxit
1090 703 1318 756 ἀνδρόπαις,
1345 701 1467 743 ἀστό-

144 774 262 821 ξενος.
306 774 364 814 Ut
389 774 491 813 enim
510 774 560 812 ab
579 774 755 813 Homero
775 777 815 812 et
831 773 1019 823 Hesiodo,
1037 775 1094 812 ita
1112 774 1230 812 etiam
1247 785 1273 811 a
1289 771 1465 811 Pindaro

145 844 187 880 et
224 840 417 891 Sophocle
449 840 533 879 haec
560 840 660 879 ratio
687 841 900 890 composita
925 839 1106 889 fingendi,
1133 843 1179 879 ut
1203 843 1243 878 et
1266 839 1307 877 in
1332 838 1465 888 priore

144 911 258 958 parte
285 911 325 946 et
350 908 389 946 in
413 907 629 957 posteriore
648 900 928 946 substantivum
946 910 1148 956 ponerent,
1168 905 1295 945 aliena
1311 903 1466 943 videtur

144 975 273 1014 fuisse.
326 973 603 1024 Comparanda
634 976 726 1012 sunt
756 986 814 1021 ea,
842 986 928 1023 quae
956 976 1088 1012 nostro
1115 985 1270 1022 quoque
1296 970 1466 1011 sermoni

143 1040 237 1080 licet
260 1040 423 1089 fingere:
452 1039 656 1078 karlakarl
682 1039 740 1088 (in
758 1039 892 1089 populi
911 1051 1102 1078 sermone:
1131 1038 1337 1087 karapdq),
1350 1036 1465 1086 pojk-

134 1106 258 1156 flicka
284 1106 351 1155 (=
361 1106 566 1155 pojkalctiq
582 1106 736 1156 flicka),
765 1104 1124 1154 stadsbofriimlinffi
1150 1105 1357 1153 kunysiim.

246 1171 344 1223 Quae
388 1176 517 1212 autem
562 1171 794 1222 adjectivum
833 1172 965 1222 priore
1004 1173 1044 1210 in
1083 1175 1197 1221 parte
1234 1169 1383 1209 habent
1419 1169 1466 1208 iis

144 1239 285 1277 similia
311 1251 388 1277 non
413 1239 528 1288 plane
556 1238 696 1277 desunt
718 1238 823 1288 apud
842 1238 1077 1276 Homerum:
1105 1232 1323 1285 ὠμογέρων,
1350 1230 1465 1272 αὖτο-

142 1300 376 1355 κασίγνητος,
405 1299 721 1354 αὐτοκασιγνήτῃ
748 1316 848 1342 nom.
868 1317 946 1354 pr.:
976 1300 1188 1347 Κακοΐλιος
1216 1300 1466 1351 Olycks-ilios

146 1367 434 1417 Καλλιάνασσα,
453 1368 687 1417 Παναχαιοί,
705 1367 953 1421 Πανέλληνες,
971 1364 1210 1412 Αὐτόλυκος.
1250 1366 1466 1418 Sophocles

146 1434 303 1486 quidem
329 1435 412 1475 haec
438 1436 565 1475 finxit:
607 1431 892 1484 ἅριστόμαντις,
924 1431 1190 1483 σεμνόμαντις,
1221 1430 1464 1484 κακογείτων,

146 1497 351 1549 αὐτόπαις,
379 1495 618 1552 αὐτάγγελος.
662 1502 739 1541 His
763 1502 902 1541 similia
919 1506 1050 1541 noster
1068 1514 1194 1540 sermo
1212 1501 1337 1540 multa
1353 1500 1466 1549 fingit

145 1569 361 1618 composita
400 1571 440 1607 et
478 1568 632 1618 quidem
672 1569 879 1619 saepissime
916 1569 983 1617 ita,
1016 1571 1061 1606 ut
1084 1568 1193 1618 prior
1219 1579 1312 1618 pars
1337 1570 1465 1617 poste-

146 1634 288 1673 riorem
316 1634 542 1673 attributive
570 1634 816 1673 determinet:
856 1638 1042 1677 stov-man,
1074 1633 1290 1679 stat-bonde,
1320 1632 1462 1682 fattiy-

145 1712 247 1745 man,
270 1699 569 1748 forsteliijtnant
594 1701 674 1749 (cfr
700 1696 1001 1749 πρωτόμαντις),
1037 1698 1190 1747 ljusalfi
1215 1698 1341 1738 multa
1364 1699 1465 1750 ejus-

145 1765 233 1805 dem
261 1766 425 1814 generis.
466 1766 543 1806 Sed
563 1768 679 1805 etiam
697 1765 948 1816 praedicative
966 1766 1060 1816 poni
1077 1766 1187 1815 prior
1205 1778 1298 1816 pars
1315 1768 1462 1816 potest:

144 1832 432 1880 sjelfherskare‚
465 1833 700 1881 eusampiya,
732 1831 962 1881 quibuscum
989 1831 1255 1881 comparanda.
1280 1835 1371 1870 sunt
1395 1831 1465 1870 illa

144 1911 273 1947 graeca
296 1898 510 1948 composita
536 1911 560 1937 a
585 1911 707 1946 μονο-,
735 1895 828 1946 οἱο-,
856 1894 965 1936 αὖτο-
990 1898 1232 1948 incipientia:
1259 1894 1463 1947 μόναρχος,

143 1961 420 2016 μονόφρουρος,
449 1962 704 2013 οἰοβουκόλος,
732 1959 973 2014 αὐτόμαρτυς
1004 1965 1103 2013 (som
1130 1963 1229 2013 sjelf
1241 1966 1290 2002 ἄν
1307 1965 1464 2015 viane),-

144 2032 204 2070 cfr
229 2027 459 2079 αὖτάγγελος
482 2029 650 2080 (Soph.)‚
675 2027 879 2077 μόνιππος
896 2029 1034 2079 (Xen.,
1053 2029 1176 2080 Plat.)
1200 2032 1462 2078 enspc‘innare-

144 2097 246 2140 ha'st,
269 2093 463 2144 μονολέων
484 2100 552 2146 pt„
570 2092 780 2144 μονόλυκος
796 2100 851 2146 pt.
893 2095 1178 2135 Attributivam
1195 2100 1327 2135 autem
1344 2096 1462 2135 ratio·

145 2176 233 2203 nem
252 2163 412 2202 habent:
433 2159 752 2213 αὐτοκασίγνητος
769 2162 925 2213 (Hom.)
943 2161 1083 2212 sjelfva
1103 2163 1265 2202 brodern
1283 2162 1462 2212 (kottsliy

145 2230 310 2277 broder),
351 2225 544 2273 αι’-τόπαις
581 2229 737 2279 (Soph.)
775 2229 934 2277 kattsliq
960 2241 1041 2274 son,
1077 2225 1302 2280 αὖτομήτωρ
1328 2228 1462 2280 (Sim.)

143 2294 285 2344 sjelfva
311 2295 467 2334 modern
484 2295 529 2344 ¹),
569 2307 616 2333 m.
650 2296 664 2333 i
690 2307 782 2344 eyen
801 2306 956 2343 person,
981 2291 1178 2343 μονόπαις
1202 2295 1337 2346 (Eur.)
1363 2294 1461 2333 enda

247 2454 272 2495 ¹)
295 2451 352 2484 Csr
372 2451 406 2484 id
428 2451 516 2493 quod
537 2453 644 2484 nostri
665 2452 794 2485 dicunt:
827 2453 883 2486 det
915 2454 957 2485 cir
989 2452 1073 2493 (han
1098 2454 1155 2492 ἀν)
1186 2452 1309 2495 qicffva
1334 2452 1460 2495 fadren

144 2504 287 2546 (sadran
307 2514 377 2547 app
398 2505 413 2538 i
433 2504 568 2546 dayen).
995 2534 998 2537 ,
