1835 2968
266 906 334 949 Ad
373 908 500 946 animo
546 907 875 957 complectendam
920 919 1007 945 eam
1050 906 1282 954 libertatem,
1322 919 1400 956 qua
1436 907 1478 945 in

164 973 381 1014 nominibus
408 973 628 1023 compositis
654 973 882 1014 adhibendis
901 973 1032 1013 Graeci
1053 973 1111 1011 usi
1130 973 1217 1020 sint,
1236 973 1477 1022 aptissimum

164 1042 223 1078 est
262 1050 494 1086 cognoscere
534 1038 771 1088 Aeschylum
811 1043 851 1076 et
888 1038 1115 1086 Pindarum,
1153 1041 1286 1087 utpote
1313 1050 1478 1087 quorum

163 1104 203 1142 in
242 1103 308 1142 illo
348 1116 487 1152 genere
527 1103 683 1142 licentia
720 1103 904 1142 latissime
944 1107 1088 1153 pateat.
1143 1102 1269 1154 Quam
1307 1103 1356 1141 ob
1395 1116 1477 1141 rem

163 1168 369 1219 sperabam
395 1180 456 1211 me
481 1168 532 1207 ad
549 1168 656 1208 illam
675 1168 723 1206 de
742 1168 963 1218 compositis
981 1168 1198 1207 nominibus
1216 1168 1477 1217 quaestionem,

164 1233 213 1273 de
240 1247 318 1284 qua
350 1234 462 1273 multi
494 1235 617 1273 multa
642 1236 891 1285 scripserunt,
917 1234 1186 1274 illustrandam
1214 1234 1361 1283 aliquid
1386 1234 1480 1273 alla-

163 1302 296 1340 turum
324 1311 419 1348 esse,
446 1300 478 1338 si
509 1303 550 1339 et
575 1312 691 1350 quam
717 1300 822 1341 varie
849 1311 897 1340 ea
921 1298 1187 1340 adhibuissent
1204 1298 1422 1350 Aeschylus
1439 1303 1479 1338 et

162 1364 360 1408 Pindarus
399 1369 440 1405 et
478 1369 624 1416 quanta
661 1366 899 1415 singulorum
930 1378 1115 1414 generum
1146 1365 1392 1408 multitudine
1419 1366 1478 1406 usi

163 1434 291 1469 essent
315 1432 575 1480 inspexissem.
629 1431 771 1480 Itaque
802 1431 896 1469 mihi
927 1431 1127 1480 proposui,
1159 1434 1204 1469 ut
1235 1431 1367 1469 omnia
1390 1443 1477 1479 quae

163 1495 203 1534 hi
231 1495 307 1534 duo
334 1495 595 1535 adhibuerunt
619 1496 777 1535 nomina
802 1496 1015 1546 composita
1039 1499 1333 1546 pertractarem,
1360 1497 1417 1535 ista
1435 1499 1480 1534 ut

163 1561 481 1610 significationem
512 1562 633 1609 magis
659 1574 775 1610 quam
801 1562 925 1611 ipsam
952 1561 1221 1600 formationem
1247 1565 1476 1611 spectarem.

161 1626 399 1666 Divisionem
439 1626 594 1677 quidem
626 1639 712 1666 eam
744 1630 900 1666 secutus
925 1639 1020 1676 sum,
1049 1639 1127 1677 qua
1153 1626 1324 1676 Curtius,
1351 1626 1478 1667 Clem-

161 1694 273 1742 mius,
312 1693 450 1743 Meyer
488 1693 631 1742 aliique
661 1694 733 1732 viri
759 1693 970 1732 doctissimi
996 1694 1054 1732 usi
1081 1697 1182 1739 sunt,
1210 1697 1255 1732 ut
1280 1694 1412 1733 omnia
1436 1694 1478 1733 in

161 1762 242 1799 tres
280 1762 413 1810 partes
451 1758 677 1797 dividerem:
710 1758 1029 1807 Determinativa‚
1063 1758 1295 1808 Possessiva,
1322 1758 1478 1810 Depen-

162 1825 315 1864 dentiae.
367 1824 494 1876 Quam
521 1824 677 1874 quidem
704 1825 893 1863 rationem
918 1823 1174 1863 distribuendi
1200 1825 1381 1875 persequi
1400 1838 1477 1864 nou

161 1890 258 1930 nihil
288 1890 408 1930 habet
439 1889 690 1930 difficultatis.
743 1889 844 1930 Sunt
873 1890 975 1930 enim
1000 1890 1124 1930 multa
1149 1891 1365 1942 composita
1390 1904 1477 1942 quae

161 1956 213 2000 ad
239 1956 344 2007 quod
369 1969 491 2006 genus
515 1956 722 1996 referenda
747 1956 825 1995 sint
850 1955 1017 1995 discerni
1043 1970 1121 1996 non
1147 1957 1280 2007 possit,
1306 1957 1347 1996 id
1372 1957 1477 2007 quod

161 2023 402 2065 verissimum
428 2026 488 2062 est
512 2022 561 2063 de
587 2023 645 2071 iis,
658 2018 660 2020 ’
673 2034 838 2071 quorum
863 2034 956 2071 pars
981 2023 1173 2073 posterior
1199 2026 1241 2062 et
1258 2036 1397 2063 nomen
1415 2035 1478 2062 ac-

160 2088 276 2128 tionis
302 2092 343 2127 et
367 2100 507 2127 nomen
532 2088 682 2138 agentis
707 2100 790 2126 esse
815 2091 954 2139 potest.

263 2154 303 2193 N
305 2167 356 2195 on
395 2154 563 2195 alienum
601 2153 695 2194 mihi
725 2154 846 2195 visum
879 2157 939 2192 est
963 2154 1082 2202 signis
1107 2154 1326 2202 significare
1351 2159 1392 2194 et
1417 2167 1475 2203 ea,

162 2231 248 2269 quae
287 2222 378 2258 ante
410 2217 651 2269 Aeschylum
682 2221 723 2258 et
752 2217 968 2261 Pindarum
1005 2218 1182 2259 adhibita
1206 2224 1298 2262 sunt
1322 2219 1411 2269 (h),
1437 2222 1478 2259 et

161 2298 219 2334 ea,
247 2298 333 2335 quae
365 2285 432 2324 alii
463 2285 672 2334 scriptores
704 2283 764 2322 vel
794 2282 968 2324 florentis
993 2285 1119 2324 aetatis
1145 2285 1235 2334 (al.)
1261 2286 1322 2324 vel
1347 2289 1475 2336 poste-

161 2351 284 2390 riores
322 2351 413 2401 (με.)
451 2350 501 2389 ab
533 2349 730 2401 Aeschylo
766 2353 807 2388 ot
837 2349 1010 2389 Pindaro
1041 2355 1288 2401 acceperunt.
1339 2350 1476 2402 Atque

161 2422 207 2459 ut
230 2416 450 2469 Aeschylus
479 2420 519 2457 et
549 2417 745 2457 Pindarus
776 2429 866 2457 cum
898 2416 1076 2458 Homero
1102 2421 1143 2458 et
1167 2430 1256 2458 cum
1282 2418 1475 2470 Sophocle
