1835 2968
855 200 879 236 5

306 298 408 340 Sunt
445 302 575 339 autem
612 298 690 338 alia
728 298 952 349 composita,
992 310 1157 349 quorum
1189 297 1292 337 inter
1322 300 1455 348 partes
1480 299 1526 336 ut

203 366 395 405 rationem
426 365 761 405 determinativum
787 355 1029 404 intercedere
1054 366 1136 403 sine
1164 363 1281 403 dubio
1307 363 1524 412 intelligere

189 431 305 481 lieet,
344 432 403 472 ita
440 431 509 471 illa
546 445 624 471 non
662 435 744 471 tam
783 431 861 471 fixa
892 435 932 471 et
957 431 1070 471 firma
1097 431 1229 481 fuerit,
1256 434 1302 470 ut
1327 430 1524 470 notionem

201 498 456 549 principalem
494 498 543 537 ab
582 511 662 538 una
700 498 751 537 ad
789 499 954 537 alteram
993 502 1145 548 partem
1185 496 1406 546 transgredi
1445 509 1524 535 non

142 602 145 603 γ
199 564 349 604 sineret
373 577 511 604 sermo.
566 564 653 616 Quo
680 565 720 604 in
746 578 907 605 numero
933 564 1116 615 ponenda
1140 568 1232 604 sunt
1257 563 1364 612 talia,
1392 562 1524 613 qualia

200 634 293 669 sunt
323 628 649 679 ἀριστό-δειπνον,
676 628 923 679 mund-mm
941 632 984 681 ¹).
1037 630 1143 669 Illud
1170 630 1308 680 Meyer
1333 630 1524 679 interpre-

201 699 326 735 tatur:
367 697 428 734 ein
468 695 634 743 δεῖπνον,
674 697 748 735 das
784 697 856 734 wie
894 697 955 734 ein
994 691 1153 745 ἄριστον
1190 695 1426 745 zuyeriehtet
1457 695 1522 733 ist.

201 761 340 801 Nostri
360 774 477 811 quum
497 762 633 801 dicunt
659 762 1020 810 '’frukostmidda9”‚
1048 763 1200 811 saepius,
1220 762 1350 810 credo,
1369 761 1520 800 dicunt:

201 827 357 876 midday
382 828 445 866 vid
467 827 684 874 frukosttid
707 829 731 866 i.
760 841 792 866 e.
819 840 900 866 som
927 827 1064 866 endast
1091 827 1154 865 till
1181 827 1285 866 tiden
1303 826 1441 875 skih'er
1459 827 1521 875 εἰς

198 891 295 939 froin
313 894 687 941 middaqsmdltiden.
728 893 828 931 Tum
853 894 962 942 prior
980 893 1137 942 quidem
1155 906 1248 942 pars
1265 893 1521 942 posteriorem

202 957 463 998 determinare
490 960 572 998 sine
598 958 717 998 dubio
735 959 978 1008 intelligitur.
1018 958 1087 997 Fit
1104 962 1247 1007 tamen,
1266 962 1311 997 ut
1328 956 1520 1005 ”frukost-

121 1054 124 1056 -
201 1025 377 1074 midda9”
404 1038 482 1064 non
509 1026 633 1065 solum
651 1030 827 1077 tempore
847 1026 914 1065 sed
934 1027 1050 1065 etiam
1069 1029 1263 1075 apparatu
1282 1025 1332 1064 ab
1351 1038 1396 1064 eo
1416 1024 1521 1075 quod

201 1094 261 1130 est
287 1091 443 1140 midday
468 1092 607 1142 (coena
633 1093 866 1143 meridiana)
906 1092 1073 1141 differat,
1114 1096 1158 1131 ut
1183 1092 1315 1142 priore
1341 1092 1381 1130 in
1407 1095 1521 1142 parte

200 1158 293 1196 insit
318 1158 424 1197 notio
451 1149 691 1209 prinoipalis{
732 1160 995 1198 determinans
1020 1161 1061 1198 iu
1087 1159 1315 1209 posteriore.
1369 1157 1521 1197 Eodem

201 1223 316 1262 modo
342 1236 417 1261 vox
443 1221 682 1271 κωμόπολις,
716 1226 865 1274 opinor,
897 1229 937 1263 et
963 1225 1132 1263 stadslik
1159 1225 1207 1273 by
1233 1229 1273 1262 et
1300 1224 1405 1273 bylik
1430 1224 1523 1262 stad

200 1289 419 1338 significare
471 1294 617 1340 potest,
671 1294 716 1330 ut
766 1292 873 1331 notio
917 1292 1105 1342 primaria
1147 1291 1197 1330 ad
1244 1303 1359 1330 unam
1396 1294 1521 1330 trans·

200 1355 402 1403 gradiatur
428 1356 478 1394 ab
505 1356 631 1394 altera
660 1361 785 1406 parte.

299 1420 470 1461 Tantum
509 1423 627 1472 igitur
664 1423 786 1473 abest,
826 1427 871 1463 ut
906 1424 946 1463 in
985 1427 1099 1474 parte
1125 1423 1340 1474 posteriore
1367 1435 1520 1474 semper

197 1489 303 1527 notio
343 1489 570 1538 principalis
609 1490 710 1539 insit,
751 1494 796 1529 ut
833 1491 950 1529 etiam
979 1491 1149 1540 priorem
1177 1490 1305 1529 locum
1332 1502 1519 1528 nonnum-

196 1567 311 1605 quam
340 1554 526 1595 obtineat.
579 1555 643 1595 Ex
668 1557 715 1595 iis
742 1570 828 1607 quae
855 1570 975 1608 supra
1001 1556 1166 1596 diximus
1193 1555 1412 1595 nominibus
1438 1557 1519 1595 ani-

195 1620 354 1659 malium
389 1621 465 1659 duo
497 1625 598 1670 sunt,
626 1635 712 1671 quae
738 1623 813 1662 hac
839 1624 990 1662 ratione
1016 1622 1267 1671 intelligenda
1293 1622 1516 1661 videantur:

195 1683 536 1737 στρουθοκάμηλος
574 1690 615 1726 et
651 1685 892 1739 χηναλώπηξ.
950 1688 1092 1737 Neque
1131 1689 1233 1726 enim
1276 1688 1386 1738 prior
1424 1701 1517 1737 pars

194 1752 448 1801 posteriorem
488 1752 732 1803 determinat,
767 1754 835 1793 sed
868 1755 942 1793 hac
975 1754 1273 1793 determinatur:
1315 1767 1361 1792 en
1397 1752 1515 1803 foyel,

194 1829 275 1857 som
316 1818 445 1857 lihnar
478 1833 524 1858 en
550 1820 684 1868 kamel,
714 1834 759 1860 en
782 1822 867 1870 yrcis,
895 1834 976 1860 som
1003 1821 1133 1860 liknar
1160 1834 1206 1859 en
1231 1819 1310 1866 rtis.
1363 1820 1516 1859 Eodem

192 1884 401 1923 referenda
427 1890 518 1924 sunt
542 1898 654 1925 voces
687 1883 924 1937 ἀνδρογίγας,
957 1883 1305 1936 ἀνθρωποδαίμων
1321 1887 1367 1937 ²),
1398 1885 1516 1938 ξιφο-

193 1948 386 2000 δρέπανον
402 1952 449 2002 ³).
502 1952 596 1991 Non
634 1954 736 1992 enim
776 1949 1003 2003 ἀνδρογίγας
1042 1953 1220 1992 declarat
1257 1951 1516 1991 ”mdnnlicher

192 2016 329 2056 Riese”
355 2018 423 2057 sed
441 2019 605 2067 jactelik
631 2033 733 2066 man,
758 2033 849 2058 man
875 2032 957 2058 som
985 2020 1114 2058 liknar
1142 2033 1188 2058 en
1207 2020 1331 2069 jane,-
1356 2010 1514 2066 ἀνθρω-

191 2080 399 2132 ποδαίμων
437 2097 516 2123 non
549 2084 725 2125 declarat
749 2086 1000 2125 menniskolik
1024 2086 1106 2135 qud
1130 2085 1199 2124 sed
1222 2085 1386 2135 qudalik
1412 2097 1512 2123 men-

191 2149 317 2188 niska.
371 2150 507 2201 Atque
547 2156 590 2191 ut
628 2151 913 2203 ὃορυόρὲπανον
952 2152 1145 2202 significat
1184 2151 1415 2201 lansformiy
1452 2152 1512 2198 lie,

189 2216 247 2255 ita
289 2215 577 2268 ξιφοδρέπανον
620 2218 811 2268 significat
854 2218 1064 2268 lieformiyt
1103 2219 1230 2258 svc'ird.
1285 2218 1510 2259 Sermonem

189 2282 264 2322 sibi
289 2284 363 2333 ipsi
389 2297 475 2323 eam
501 2284 625 2333 legem
652 2288 811 2334 certam,
839 2289 884 2324 ut
908 2298 1001 2336 pars
1026 2287 1220 2336 posterior
1245 2286 1367 2337 priori
1385 2285 1510 2325 deter-

292 2396 321 2434 ¹)
342 2394 588 2428 Dvandva-zus.
610 2406 643 2436 p.
665 2397 716 2428 27.

291 2446 320 2488 ¹)
339 2446 586 2480 Dvandvaoeus.
608 2457 641 2488 p.
662 2449 713 2481 25.

291 2499 320 2539 ⁸)
342 2497 436 2531 Ibdm
457 2508 492 2540 p.
515 2500 568 2532 27.
