1835 2968
768 215 840 250 113

144 314 310 352 notionis
349 314 550 363 proprium
589 317 658 361 est,
699 314 917 352 accuratius
956 314 1235 352 determinetur
1274 316 1314 351 et
1349 313 1459 362 quasi

94 396 119 409 ψ
144 382 235 418 ante
262 378 394 418 oculos
419 382 600 428 ponatur.
641 378 842 427 Significat
867 380 967 418 enim
992 393 1093 430 saepe
1119 379 1227 430 prior
1245 391 1337 429 pars
1355 379 1460 429 quod

144 458 279 483 sensus
316 445 461 483 acriter
493 448 734 483 commoveat
765 449 806 483 et
830 446 868 482 in
896 447 1108 495 composito
1134 445 1315 494 fingendo
1341 447 1461 483 menti

145 510 372 549 obversetur
404 510 650 560 animumque
684 511 793 559 quasi
821 509 1002 549 detineat.
1057 510 1183 562 Quam
1210 510 1260 549 ob
1286 523 1369 549 rem
1396 523 1462 549 no-

145 578 289 616 tionem
327 577 553 627 primariam
592 577 736 615 habere
777 578 885 626 prior
923 590 1014 626 pars
1046 577 1213 626 quodam
1244 577 1358 616 modo
1385 577 1462 615 dici

145 647 284 693 potest,
326 643 469 692 quippe
509 655 595 691 quae
634 646 802 681 mentem
842 643 995 690 gravius
1024 647 1273 682 commoveat.
1326 642 1462 692 Atque

145 710 315 759 priorem
357 709 494 747 talium
539 709 840 758 compositorum
890 713 1059 757 partem,
1112 709 1221 758 quasi
1269 709 1463 748 consciam

147 775 344 822 dignitatis
370 787 448 812 suae
475 778 516 812 et
541 787 642 822 aegre
668 775 857 812 ferentem
890 775 1051 824 imperio
1081 775 1306 823 posterioris
1341 775 1464 824 partis

147 853 187 879 se
232 840 445 890 subjectam
490 852 583 887 esse,
628 852 918 888 nonnumquam
957 839 1105 889 jugum,
1144 843 1190 877 ut
1231 840 1287 878 ita
1324 839 1463 887 dicam,

147 907 358 944 excussisse
376 907 409 949 ¹)
448 905 488 942 id
526 905 799 943 documentum
839 910 908 953 est,
936 905 1040 955 quod
1078 906 1118 943 in
1151 906 1196 943 iis
1222 905 1464 955 appellandis

147 975 353 1020 utramque
380 975 532 1021 partem
572 984 649 1009 non
683 984 773 1010 raro
807 984 916 1020 aeque
943 972 1126 1020 acuimus,
1154 975 1198 1010 ut
1222 970 1374 1009 vinculo
1400 970 1465 1009 ab·

147 1041 264 1087 rupto
303 1038 411 1086 prior
450 1050 542 1086 pars
578 1037 799 1075 libertatem
838 1038 1142 1087 recuperaverit:
1181 1037 1259 1074 krit
1285 1037 1376 1082 levit,
1405 1036 1467 1074 eld

147 1103 228 1149 rb’d,
258 1103 322 1141 kol
348 1106 467 1141 svart.
510 1103 614 1153 Quin
640 1103 756 1142 etiam
782 1103 837 1152 fit,
866 1107 911 1142 ut
936 1116 1061 1142 sermo
1085 1103 1219 1153 populi
1242 1103 1283 1140 in
1301 1102 1466 1151 formam

148 1169 431 1219 participialem
449 1170 619 1219 priorem
637 1173 789 1219 partem
808 1174 1032 1209 commutet:
1053 1169 1214 1208 eldamle
1231 1169 1312 1213 νὸἀ,
1332 1169 1468 1207 isande

149 1235 242 1278 kall,
284 1235 471 1274 beckande
509 1236 616 1274 mo‘rk
654 1235 731 1281 (cfr
771 1236 995 1275 branna-nde
1026 1236 1099 1280 het,
1130 1235 1322 1284 yl‘o‘dande
1347 1248 1465 1283 wrm,

149 1302 317 1347 similia).
367 1302 534 1341 Generis
560 1303 812 1352 comparativi
839 1303 1138 1351 compositorum
1166 1314 1345 1350 magnam
1371 1302 1468 1340 mul—

150 1367 354 1405 titudinem
393 1368 504 1416 fingit
541 1372 673 1406 noster
712 1381 838 1406 sermo
878 1372 918 1406 et
956 1367 1111 1416 quidem
1151 1368 1290 1417 saepius
1328 1368 1395 1416 ita,
1424 1371 1469 1405 ut

149 1432 381 1482 adjectivum
406 1435 622 1483 posteriore
649 1435 689 1471 in
716 1438 827 1483 parte
853 1435 961 1472 insit:
988 1434 1148 1478 sufflavit,
1179 1433 1347 1480 blodriid,
1375 1433 1465 1471 ask-

146 1499 231 1546 qni,
271 1502 478 1542 nattsvart,
520 1499 736 1546 vinterlcall,
778 1498 959 1544 vcirfrz'sk,
991 1498 1262 1546 mmyonfrisk,
1296 1498 1467 1546 tornhiiy,

149 1564 291 1613 skyhb'y
320 1568 360 1603 et
385 1565 463 1603 alia
488 1564 621 1603 multa.

254 1629 350 1681 Quae
376 1631 417 1668 in
443 1643 569 1679 graeco
596 1644 772 1669 sermone
791 1630 1093 1680 comparativam
1113 1631 1303 1669 rationem
1321 1630 1468 1669 habent

149 1696 253 1736 inter
290 1700 423 1747 partes
460 1697 573 1746 longe
612 1697 780 1748 plurima
812 1697 851 1735 in
883 1709 1022 1745 genere
1049 1697 1350 1747 possessivorum
1377 1700 1468 1736 sunt

151 1763 372 1812 quaerenda.
420 1763 536 1803 Certe
563 1764 668 1814 apud
686 1762 926 1813 Aeschylum
945 1768 1014 1802 aut
1030 1763 1245 1801 Pindarum
1263 1764 1326 1801 vix
1344 1763 1466 1801 ullum

151 1829 339 1878 ejusmodi
364 1830 558 1868 invenitur
585 1830 677 1878 quin
704 1830 744 1867 in
770 1842 910 1878 genere
934 1829 1147 1879 possessivo
1165 1828 1387 1878 ponendum
1405 1829 1466 1868 sit.

150 1894 228 1944 (cfr
267 1898 397 1933 tamen
438 1891 679 1943 ἶπποβάμων
710 1908 793 1945 sup.
822 1897 897 1933 284
922 1891 1059 1932 ὶ-οισιν
1085 1891 1279 1945 καμήλοις.
1331 1893 1467 1944 Atque

151 1960 257 2010 apud
296 1961 515 1999 Homerum
555 1973 709 2010 quoque
748 1961 877 1999 nescio
917 1973 967 1999 an
999 1959 1134 1999 eadem
1161 1960 1311 1999 ratione
1338 1973 1400 1998 res
1427 1973 1467 1998 se

150 2026 294 2066 habeat
332 2027 411 2077 (cfr
450 2031 581 2066 tamen
619 2024 816 2076 βουγάιος,
855 2039 1021 2076 quocum
1064 2026 1367 2076 comparandum
1410 2031 1470 2065 est

151 2093 192 2131 id
218 2093 323 2142 quod
349 2094 471 2132 nostri
497 2093 648 2132 dicunt:
678 2093 787 2141 Ijuya
814 2106 894 2131 som
921 2106 965 2131 en
991 2094 1111 2142 haist).
1152 2092 1230 2132 Sed
1256 2106 1334 2131 non
1351 2093 1467 2142 plane

153 2158 286 2197 abesse
314 2172 338 2197 a
363 2172 491 2208 graeco
518 2171 695 2197 sermone
723 2172 887 2208 quorum
914 2172 1006 2209 pars
1024 2159 1217 2209 posterior
1235 2158 1468 2208 adjectivum

152 2224 213 2272 sit,
254 2224 294 2262 id
335 2225 439 2274 quod
477 2225 517 2263 in
557 2225 760 2275 Meyerum
795 2225 999 2274 (Beitrage
1024 2239 1061 2274 p.
1093 2226 1157 2274 12)
1189 2223 1467 2272 animadverto,

153 2288 329 2330 declarat
344 2287 579 2342 μελίχλωρος
596 2291 850 2341 compositum
863 2290 1009 2341 (Plato,
1025 2290 1208 2341 Theocr.)
1221 2314 1271 2319 —
1283 2286 1469 2338 μελίπαις

153 2357 433 2405 (posteriores).

257 2500 282 2542 ¹)
304 2498 360 2532 Cfr·
381 2510 413 2540 p.
436 2501 455 2532 3
477 2509 548 2541 sqq.

1305 2560 1345 2594 13
