1835 2968
791 214 863 250 109

270 312 307 351 d.
359 313 530 361 yenetivo
557 312 750 361 objectivo.

271 393 350 432 Ae:
371 390 670 440 δρακοντόμιλος
687 406 771 444 sup.
786 396 859 433 267
878 392 1115 446 (ξυνοικίαν),
1135 391 1369 444 αὐτοπήμων
1386 398 1483 444 sept.

168 464 254 509 916,
295 455 527 510 αὖτόστονος
558 458 664 497 ibdm
695 459 872 511 (δαϊκτὴρ
898 456 988 509 γόος
1013 457 1219 505 αὗ-στονος
1245 456 1484 510 αὖ-πήμων),

168 523 337 574 ὅμαιμος
375 524 424 563 al.
457 536 557 562 eum.
591 527 666 563 212
705 521 812 575 (ὅ-ος
838 521 1025 576 αὐθέντης
1050 522 1198 576 φόνος),
1232 521 1410 573 ὁμαίμων
1434 525 1484 564 al.

167 594 264 642 sept.
293 592 363 629 351
393 586 614 639 (ἁρπαγαί),
642 586 815 640 δυσάνωρ
841 602 924 640 sup.
955 593 1053 630 1064
1078 587 1245 641 (γάμον).

268 656 320 696 P:
346 652 614 705 ἶπποδρόμιος
637 659 692 706 pt.
711 657 811 695 istm.
831 656 865 703 Ι,
886 658 935 695 54
951 652 1150 706 (ἁρμάτων
1166 653 1243 694 ὶ-ον
1261 652 1485 705 εὐεργέταν),

168 719 382 766 καλλίνικος
407 721 445 759 h.
473 721 522 760 ol.
542 721 623 770 IX,
651 724 675 760 2
702 728 806 767 (κ-ος
832 727 900 767 (sc.
933 718 1064 768 ὕμνος)
1092 717 1113 758 ὁ
1139 718 1325 769 τριπλόος
1351 720 1486 776 κεχλα-

167 785 273 835 δώς),
300 800 399 827 nem.
425 787 499 837 IV,
528 790 574 826 16
594 785 752 836 (ὕμνον),
771 792 850 838 pyt.
870 787 920 836 V,
943 790 1014 826 106
1032 784 1191 835 (μέλος),
1210 776 1486 838 ριμφάρμάτος

166 854 216 893 al.
244 854 293 893 ol.
321 853 403 902 III,
432 856 480 891 39
512 850 814 904 (διφρηλασίας).

268 919 348 959 Hic
374 932 466 959 usus
493 920 581 970 (12)
607 920 908 971 compositorum
934 919 984 959 ab
1003 918 1178 959 Homero
1195 931 1318 969 prope
1336 917 1485 957 alienus

167 990 235 1026 est.
270 986 371 1025 Sunt
389 986 545 1035 quidem
563 986 659 1024 talia
677 986 808 1036 qualia
825 989 917 1024 sunt
942 982 1184 1035 εὐπατέρεια,
1204 980 1484 1034 ὀβριμοπάτρη,

168 1049 404 1101 ὁμόσπορος.
458 1052 670 1102 Subjectivi
709 1056 840 1091 autem
880 1052 1046 1101 genetivi
1078 1054 1148 1090 aut
1173 1050 1353 1101 objectivi
1379 1048 1485 1088 haud

166 1117 244 1156 scio
271 1130 323 1155 an
349 1117 458 1155 nulla
484 1119 562 1156 sint
587 1117 693 1167 apud
719 1131 806 1156 eum
834 1117 1022 1167 exempla.

267 1182 393 1233 Soph:
421 1180 642 1230 πολύκερως
668 1180 799 1234 φόνος.

270 1276 328 1312 13.
388 1273 646 1323 Compositum
684 1274 888 1323 siqnificat‚
921 1287 995 1324 quo
1029 1278 1194 1323 tempore
1232 1273 1384 1323 aliquid
1411 1272 1484 1320 fiat

164 1339 222 1379 vel
248 1351 322 1389 quo
351 1339 430 1379 loco
455 1340 608 1391 aliquid
631 1342 749 1380 situm
775 1342 839 1380 sit.

265 1421 346 1459 Ae:
375 1416 614 1469 ἀωρόνυκτος
640 1422 700 1460 ch.
730 1425 779 1461 34
803 1418 1039 1471 (ἀμβόαμα),
1064 1418 1321 1473 μεσημβρινός
1346 1420 1396 1459 al.
1422 1433 1483 1469 ag.

164 1488 237 1525 565
264 1484 460 1537 (κοίταις),
488 1485 707 1537 πανήμερος
733 1488 781 1526 al.
809 1501 868 1538 pr.
899 1490 997 1527 1024
1022 1483 1274 1537 (δαιταλεὺς),
1302 1483 1484 1535 πάνωρος

163 1564 247 1602 sup.
288 1555 362 1590 690
401 1551 621 1604 (φέρματι),
661 1549 941 1602 τριτόσπονδος
972 1565 1032 1602 ag.
1060 1554 1132 1591 245
1159 1552 1265 1602 (τ-ον
1290 1548 1483 1600 εὔποτμον

162 1619 341 1667 παιᾶνα),
368 1613 497 1666 ἄωρος
513 1621 545 1669 ¹)
572 1619 608 1658 h.
636 1633 736 1669 pers,
764 1622 839 1658 496
866 1620 1084 1670 (χειμῶνα),
1103 1631 1201 1657 eum.
1223 1621 1296 1657 956
1315 1616 1480 1669 (τύχας),

162 1679 372 1731 ἀντίπορος
397 1684 446 1723 al.
466 1697 567 1734 pers.
588 1688 635 1723 67
655 1682 763 1735 (οἷ-ον
780 1683 929 1735 γείτονα
948 1681 1104 1735 χώραν),
1124 1697 1206 1735 sup.
1228 1686 1303 1723 544
1320 1685 1480 1734 (γαῖαν).

264 1749 313 1788 P:
355 1746 608 1799 ἄγλαόκωμος
645 1752 693 1790 01.
734 1751 815 1800 ΙΙΙ,
857 1754 880 1789 6
918 1747 1097 1801 (φωνάν),
1125 1748 1322 1801 διχόμηνις
1346 1754 1402 1801 pt.
1430 1751 1479 1789 ol.

162 1814 244 1864 ΙΙΙ,
264 1818 313 1854 20
331 1813 499 1866 (Μήνα),
518 1817 617 1856 istm.
638 1817 736 1867 VII,
754 1820 806 1856 44
823 1814 1031 1863 (δ-ίδεσσιν
1049 1813 1264 1867 ἑσπέραις),
1283 1812 1482 1868 ἀμφίαλος

162 1880 199 1920 h.
240 1881 289 1921 ol.
330 1882 459 1931 XIII,
500 1886 547 1921 39
587 1880 735 1934 (ά-οισι
767 1883 1005 1927 Ποτειδᾶνος
1034 1882 1269 1933 τεθμοῖσιν),
1296 1879 1480 1933 ἀμφιθά-

161 1946 305 1992 λασσος
344 1948 393 1987 al.
434 1949 483 1987 01.
526 1949 625 1999 VII,
666 1952 714 1988 33
754 1946 916 1999 (νομόν),
957 1944 1182 2000 ἀμφίπεδος
1213 1951 1292 1998 pyt.
1320 1947 1402 1996 IX,
1430 1949 1478 1986 57

162 2007 331 2063 (ὄχθον),
359 2011 556 2063 ὗψίπεδος
581 2016 681 2055 istm.
710 2016 744 2065 I,
773 2019 818 2054 31
847 2013 982 2062 (ἕδος).

265 2105 324 2142 14.
383 2104 642 2155 Compositum
680 2106 885 2156 siqnz‘ficat,
911 2118 984 2157 quo
1015 2106 1124 2145 modo
1150 2106 1301 2156 aliquid
1322 2105 1394 2152 fiat
1420 2106 1479 2145 vel

162 2169 202 2207 id
227 2182 387 2219 quocum
413 2171 567 2221 aliquid
591 2172 835 2221 conjunctum
862 2176 930 2211 est.

263 2253 345 2291 Ae:
386 2250 609 2304 δήμόθροος
648 2266 707 2303 ag.
740 2258 815 2293 883
849 2250 1058 2303 (ἀναρχία),
1086 2257 1160 2293 938
1186 2250 1337 2305 (φήμη),
1367 2256 1476 2302 1409,

163 2319 260 2357 1413
300 2315 445 2368 (ἀράς),
477 2316 677 2372 ἰσόψηφος
707 2320 757 2360 al.
784 2333 883 2360 eum.
914 2324 983 2360 741
1012 2317 1099 2366 (κᾶν
1124 2317 1204 2365 ὶ-ος
1230 2322 1374 2371 κριθῇ),
1404 2321 1476 2358 795

160 2380 259 2429 (ῑ-ος
297 2382 382 2435 δίκη
421 2382 590 2436 ἐξῆλθε),
630 2383 870 2436 πολύδακρυς
908 2386 946 2426 h.
978 2399 1079 2438 pers.
1108 2389 1181 2426 939
1207 2381 1388 2434 (ἱακχάν),
1414 2385 1475 2426 ch.

262 2495 289 2536 1)
310 2494 366 2526 cfr
387 2495 482 2528 Grdz.
503 2497 573 2528 357.
