1835 2968
762 194 808 231 61

127 292 188 331 ch.
232 295 303 331 176
342 291 458 342 (π-ὴς
495 289 621 341 ἰδεῖν),
661 289 879 342 προσφιλής
916 291 967 330 al.
1000 294 1097 342 sept.
1126 292 1213 338 580,
1253 285 1445 339 συγκλινὴς

128 357 176 398 fr.
220 361 278 408 79,
320 354 507 409 συμμιγής
545 357 595 397 31.
634 360 731 407 sept.
774 359 858 407 741,
897 354 1101 410 ὖπερτενής
1131 360 1186 408 pt.
1221 356 1269 396 fr.
1299 358 1383 404 127,
1409 368 1443 403 c,

127 421 324 475 ὑπερφυής
349 424 399 462 31.
427 424 475 462 fr.
504 426 578 462 226
604 420 816 472 (σμίνθος).

229 489 280 529 P:
308 484 479 540 ἀβλαβής
504 488 553 528 al.
580 491 659 540 pyt.
687 487 810 538 VIII,
838 490 886 528 56
912 487 1010 540 (λαῷ
1036 484 1148 538 ἆ-εῖ),
1176 487 1225 527 ol.
1245 486 1375 536 XIII,
1395 488 1444 526 26

50 569 52 571 ’
127 552 268 607 (λαόν),
307 551 489 605 ἀμεμφής
527 555 575 594 01.
616 554 692 603 VI,
731 557 793 603 46,
833 551 1005 605 ἀπειθής
1042 555 1091 594 al.
1131 555 1178 593 fr.
1214 557 1260 592 15
1299 550 1444 603 (τύχα),

128 616 324 674 ἅστραβής
362 619 411 660 al.
452 620 500 660 ol.
543 620 601 669 II,
633 623 682 660 90
708 615 796 672 (οῗ-ἣ
823 616 961 671 κίονα),
988 615 1164 673 ἀσφαλής
1188 621 1226 660 h.
1253 623 1332 671 pyt.
1360 618 1444 667 III,

128 690 189 736 86,
217 682 370 737 ἀτειρής
395 686 433 727 11.
461 687 509 725 01.
538 687 596 735 II,
624 690 671 725 36
699 682 803 737 (οἷ-εἴ
828 685 894 724 σὺν
919 681 1102 736 οἰγαθιῖι),Δ
1121 682 1254 737 ἀτενής
1278 686 1316 724 11.
1344 697 1443 724 nem.

127 752 226 802 VII,
254 756 303 791 88
329 747 432 797 (ἆ-εῖ
456 750 562 803 νόῳ),
589 747 740 804 ἀφανής
764 752 813 791 31.
841 752 888 790 fr.
916 753 990 789 223
1021 744 1257 800 (παρ’τάρου),
1298 746 1446 803 ἐγγενής

128 818 177 859 al.
204 831 303 858 nem.
331 818 389 868 X,
418 821 463 858 51
493 815 644 870 (σφίσιν
676 815 787 868 ,ε’-ές),
827 814 999 870 ἐμφανής
1029 818 1078 858 al.
1107 818 1152 859 fr.
1181 821 1254 857 229
1281 813 1443 866 (ἄλγος),

128 881 275 936 ἕμφυής
300 884 349 924 01.
376 884 433 932 Χ,
462 887 521 932 20,
550 881 741 935 ἐπιφανής
766 884 815 923 31.
843 888 922 935 pyt.
949 884 1048 933 VII,
1078 888 1111 933 7,
1140 880 1303 935 ὃμοκλής
1320 886 1375 933 pt.
1395 882 1443 921 fr.

130 953 189 1000 70,
216 947 391 1002 συγγενής
416 950 466 990 31.
493 954 572 1002 pyt.
599 950 650 999 V,
681 954 739 1000 17,
766 951 840 1000 IV,
871 953 955 1000 133,
983 947 1194 1003 τηλεφανὴς
1211 950 1248 989 11.
1268 950 1315 989 fr.
1336 952 1396 998 95,
1414 961 1443 991 7.

108 1024 113 1027 “
230 1017 323 1057 Jam
350 1016 455 1067 apud
488 1016 704 1056 Homerum
731 1017 854 1056 multa
879 1020 970 1055 sunt
995 1017 1172 1067 exempla
1196 1017 1311 1065 illius,
1339 1017 1443 1066 quod

127 1096 247 1135 supra
260 1083 507 1134 pertractavi,
520 1083 671 1131 generis
685 1089 741 1129 (e)
755 1095 872 1133 quum
886 1083 1020 1122 activae
1034 1082 1094 1121 vel
1107 1082 1359 1122 intransitivae
1372 1082 1444 1132 sig·

128 1150 357 1190 nificationis
375 1144 625 1200 (ἅριπρεγεής,
647 1144 836 1200 ἀπευθής,
851 1146 1001 1200 δυσαής,
1016 1145 1224 1199 ἐκπρεπής,
1238 1145 1444 1200 ε’πηρεφής,

127 1212 385 1267 παλιμπετής,
412 1212 597 1265 ὑπεραής)
623 1218 706 1253 111111
732 1215 848 1254 etiam
874 1214 991 1265 plura
1013 1215 1174 1266 passivae
1198 1210 1444 1265 (ἀριφραδής,

127 1279 287 1333 εὐεργής,
327 1277 467 1332 εὖὴρης,
508 1277 715 1331 εὖκαμπής,
756 1277 929 1331 εὐπηγής,
969 1278 1170 1331 εὐρραφής,
1202 1277 1444 1330 παλαιγενής,

126 1344 338 1399 ἅφηρεφὴς,
366 1335 626 1398 ἀμφιδριῑφής,
654 1343 898 1397 κατηρεφής).
940 1345 1152 1396 Sophocles
1178 1359 1333 1396 quoque
1351 1358 1444 1384 non-

126 1413 233 1452 nulla
258 1412 384 1451 finxit:
413 1407 641 1463 ἆποστιβής,
668 1408 890 1463 καταρρυής,
918 1407 1221 1464 ὕπερβριθής-
1235 1406 1443 1463 α’καλυφής,

126 1475 320 1530 ἅστεργής,
347 1474 506 1529 ἀψεγής,
534 1475 720 1529 διηλιφής,
748 1474 1001 1528 καταστεφής,
1028 1475 1291 1529 κατασκαφῆς.

228 1544 360 1584 Etiam
387 1557 435 1583 ex
460 1543 659 1595 adjectivis
685 1543 904 1583 verbalibus
921 1545 962 1583 in
981 1557 1044 1596 -ης
1061 1557 1181 1584 unum
1199 1543 1443 1596 alterumque

127 1612 178 1652 ad
204 1610 521 1660 significationem
546 1611 797 1661 potentialem
823 1612 1006 1650 transisse
1033 1611 1186 1650 videtur
1225 1612 1323 1661 (Aez
1352 1612 1443 1649 δυσ-

125 1675 268 1728 μαθής,
302 1674 492 1728 εὐμαθήςς
530 1676 580 1714 P:
614 1672 808 1727 ἆστραβής
835 1672 1033 1727 ἅμεμφήςς
1073 1675 1131 1715 cfr
1158 1675 1281 1716 Hom:
1310 1672 1442 1730 ἆαγής,

127 1739 281 1795 ἀτειρής
307 1738 536 1794 ἅριφραδής,
564 1742 688 1793 Soph:
717 1738 950 1794 ἅστραφής).·

228 1810 278 1847 Ι11
316 1809 468 1857 generis
507 1808 789 1847 determinativi
828 1807 1027 1859 adjectivis
1066 1807 1286 1848 verbalibus
1316 1809 1357 1847 in
1385 1821 1445 1860 -ης

127 1875 356 1916 adhibendis
382 1875 473 1914 licet
497 1874 628 1914 videre
655 1874 894 1926 Aeschylum
912 1875 1035 1915 multo
1053 1877 1308 1926 copiosiorem
1325 1888 1443 1926 quam

126 1942 341 1981 Pindarum
368 1942 497 1979 fuisse.
550 1941 654 1979 Nam
682 1954 800 1990 quum
835 1941 1030 1980 Pindarus
1056 1941 1107 1980 ad
1133 1944 1189 1980 40-
1209 1936 1442 1990 adhibuerit,

126 2007 346 2059 Aeschylus
386 2006 436 2046 ad
478 2009 550 2046 140
589 2020 681 2046 usus
720 2011 789 2057 est.
843 2006 907 2047 Ac
947 2008 979 2046 si
1011 2021 1057 2047 ea
1083 2009 1327 2058 omittuntur,
1355 2020 1442 2059 quae

125 2079 195 2114 3111
232 2074 282 2113 31)
321 2073 497 2112 Homero
523 2079 679 2123 sumpta
704 2078 796 2112 sunt
819 2079 889 2112 aut
913 2075 1068 2122 utrique
1094 2078 1186 2112 sunt
1210 2075 1441 2122 communia,

126 2138 346 2195 Aeschylus
384 2138 472 2190 plus
513 2142 585 2178 100
623 2139 788 2188 novavit,
816 2151 981 2189 quorum
1007 2138 1166 2179 dimidia
1192 2139 1274 2179 fere
1300 2152 1393 2190 pars
1418 2152 1443 2179 a

126 2206 232 2246 nullo
270 2206 347 2245 alio
386 2206 576 2255 scriptore
608 2205 783 2244 adhibita
808 2210 878 2254 est,
905 2206 1100 2244 Pindarus
1126 2210 1265 2245 contra
1289 2210 1442 2245 tantum

128 2274 175 2311 12
213 2270 326 2312 fiuxit
362 2271 457 2322 (tria
481 2270 531 2309 ab
558 2283 603 2310 eo
630 2271 711 2310 solo
738 2270 940 2322 adhibita).
994 2271 1044 2311 Id
1083 2285 1238 2322 quoque
1270 2271 1442 2312 animad-

125 2336 354 2378 vertendum
379 2341 447 2387 est,
475 2350 594 2387 quum
621 2337 840 2388 Aeschylus
865 2338 995 2388 priore
1021 2339 1062 2377 in
1088 2343 1201 2388 parte
1221 2351 1298 2378 non
1316 2338 1442 2377 minus

124 2416 227 2453 saepe
253 2415 393 2441 nomen
420 2416 537 2452 quam
563 2403 788 2442 adverbium
814 2406 947 2453 ponat,
974 2403 1190 2443 Pindarum
1207 2416 1295 2443 cum
1314 2403 1441 2455 adjec-

125 2469 213 2509 tivis
231 2468 451 2509 verbalibus
468 2469 508 2508 in
528 2483 590 2522 -ης
607 2482 747 2509 nomen
764 2482 927 2521 perraro
945 2471 1200 2523 conjunxisse.
1241 2470 1439 2514 Homerus
