1835 2968
953 204 977 241 2

305 306 442 356 Atque
483 305 683 354 genetivus
721 304 959 354 possessivus
999 303 1079 355 (de,
1099 316 1176 354 quo
1202 303 1266 343 hic
1292 304 1458 344 maxime
1484 305 1631 356 agitur)

306 372 489 423 quoniam
533 370 709 421 quolibet
752 383 839 410 cum
884 370 1125 410 substantivo
1169 370 1430 420 conjungitur,
1471 376 1516 412 ut
1553 385 1631 412 non

304 442 468 488 propter
507 441 688 475 naturam
727 437 849 486 ipsius
888 436 1117 475 substantivi
1156 436 1237 485 fiat,
1270 440 1316 475 ut
1340 448 1429 475 cum
1454 439 1631 485 genetivo

304 504 577 555 conjungatur,
611 503 695 551 regi
721 503 785 541 vix
811 516 901 542 vere
928 506 1059 553 potest
1084 502 1173 542 dici.
1225 501 1368 553 Neque
1395 517 1486 543 vero
1510 505 1633 555 magis

304 583 351 609 ea
391 571 617 620 composita,
659 576 826 618 quorum
866 570 975 619 prior
1015 582 1109 619 pars
1135 573 1204 608 aut
1228 570 1537 609 instrumentalis
1563 575 1633 609 aut

303 635 493 675 locativus
534 639 604 683 est,
645 636 685 673 in
721 634 991 685 dependentiae
1018 648 1161 683 genere
1188 638 1293 673 recte
1320 634 1502 675 habenda
1527 640 1629 675 sunt.

304 702 367 741 De
395 714 474 751 qua
501 715 543 740 re
570 701 685 740 aliter
708 701 861 751 judicat
888 700 1048 740 Curtius
1066 701 1101 751 ¹)
1128 704 1168 739 et
1193 700 1272 739 alii.
1318 701 1379 740 At
1401 703 1445 750 si,
1465 702 1505 741 id
1525 702 1630 751 quod

304 780 435 816 nemo,
482 767 618 817 credo,
666 768 882 816 negaverit,
929 767 1082 806 dativus
1126 768 1313 818 temporis
1357 767 1500 819 (modi)
1544 782 1629 807 eam

302 846 449 881 vocem,
478 845 648 882 quacum
675 834 937 882 conjungitur,
966 833 1241 881 determinare,
1261 846 1339 871 non
1360 846 1408 872 ea
1434 835 1517 882 regi
1539 835 1629 884 jure

304 899 458 948 dicitur,
497 913 545 938 ne
572 898 638 937 ille
667 898 823 948 quidem
851 912 966 948 quem
993 902 1135 938 vocant
1160 899 1498 939 instrumentalem
1525 900 1629 940 loca-

302 966 503 1014 tivumque
531 965 609 1003 alio
636 964 751 1003 modo
779 964 1029 1014 accipiendus
1056 968 1126 1002 est.

404 1030 548 1070 Utram
575 1030 865 1080 compositionis
891 1034 1044 1080 partem
1071 1034 1205 1069 teneat
1231 1044 1278 1069 ea
1304 1032 1424 1080 notio,
1452 1045 1539 1082 quae
1566 1032 1629 1071 de-

301 1097 500 1144 terminat,
542 1101 671 1135 utram
711 1109 769 1144 ea,
811 1109 898 1145 quae
940 1096 1235 1144 determinatur,
1276 1097 1308 1135 si
1334 1099 1555 1147 quaerimus,
1583 1112 1631 1138 ea

302 1163 421 1210 notio,
467 1175 555 1211 quae
595 1162 760 1200 alteram
800 1161 1046 1210 determinat,
1087 1162 1258 1211 priorem
1297 1162 1426 1202 locum
1467 1164 1628 1204 obtinet.

301 1228 451 1267 Tamen
477 1228 541 1266 hic
567 1227 954 1266 animadvertendum
978 1232 1038 1266 est
1056 1240 1133 1266 non
1151 1228 1267 1278 plane
1287 1228 1420 1268 deesse
1439 1231 1628 1281 exempla,
1657 1250 1663 1255 -

301 1307 467 1344 quorum
493 1307 587 1344 pars
614 1294 808 1344 posterior
832 1295 1009 1342 genetivo
1027 1294 1267 1344 respondens
1284 1290 1457 1345 priorem
1475 1301 1628 1346 partem

301 1360 547 1399 determinet.
602 1360 724 1409 Cujus
757 1360 910 1407 generis
936 1360 1063 1409 major
1090 1360 1246 1409 quidem
1272 1374 1365 1410 pars
1392 1375 1417 1400 a
1442 1364 1629 1412 posterio-

300 1426 409 1465 ribus
435 1425 693 1476 scriptoribus
719 1425 994 1474 frequentatur
1011 1426 1057 1476 ²).
1108 1426 1250 1476 Neque
1277 1427 1382 1477 apud
1409 1428 1629 1468 Homerum

301 1506 426 1542 neque
466 1492 573 1542 apud
614 1491 832 1530 Hesiodum
871 1492 1034 1530 inveniri
1073 1492 1264 1531 videntur.
1322 1494 1446 1543 Apud
1484 1495 1629 1534 Pinda-

298 1571 386 1597 rum
422 1557 586 1605 nullum,
627 1557 734 1607 apud
774 1555 1017 1606 Aeschylum
1050 1570 1170 1595 unum
1197 1558 1327 1597 inveni
1352 1557 1630 1608 (πλουτόχθων

298 1625 376 1663 huc
407 1636 485 1662 non
517 1622 805 1672 referendum):
851 1619 1012 1666 Θέωνος
1037 1626 1092 1672 pt.
1121 1623 1169 1661 fr.
1199 1626 1284 1662 350.
1338 1624 1381 1664 Si
1413 1621 1626 1674 καρπόχειρ

298 1689 516 1739 significare
557 1692 688 1739 posset
727 1687 851 1726 ”hand
877 1700 929 1725 an
957 1688 1061 1726 ihrer
1085 1689 1250 1727 wurzel”
1266 1691 1299 1738 ³)
1326 1690 1408 1728 ”die
1432 1689 1539 1728 hand
1563 1702 1627 1728 so-

297 1757 388 1795 weit
414 1757 470 1795 sie
496 1751 650 1804 καρπός
675 1754 815 1792 Ῑιείεει”
833 1755 878 1803 ⁴),
911 1754 1046 1793 eodem
1073 1755 1187 1794 modo
1213 1755 1351 1795 liceret
1374 1756 1627 1806 interpretari

301 1820 456 1865 θέοινος
495 1822 597 1858 vinet
636 1820 766 1857 sdsom
802 1820 892 1867 qud,
933 1820 995 1857 det
1034 1820 1163 1858 scis-om
1199 1821 1281 1869 qud
1311 1821 1483 1871 dyrkade
1512 1822 1626 1860 vinet.

298 1885 358 1926 At
384 1890 428 1926 ut
453 1886 492 1925 in
519 1899 698 1925 sermone
725 1885 1029 1934 franco-gallico,
1058 1889 1102 1925 ut
1128 1886 1249 1937 ajunt,
1277 1886 1559 1927 substantivum
1586 1890 1627 1927 et

297 1954 496 2000 genetivus
523 1965 689 2001 sequens
716 1953 756 1989 in
783 1964 904 1989 unum
931 1964 1224 2001 nonnumquam
1251 1953 1554 2005 confunduntur,
1582 1957 1627 1992 ut

297 2018 520 2068 praepositio
562 2029 647 2067 quae
688 2020 749 2055 est
788 2017 834 2055 de
872 2021 1095 2056 evanescat:
1132 2017 1350 2066 sete-Diem
1388 2016 1624 2066 mort-Dieu,

298 2084 563 2132 timbre-poste
579 2086 626 2133 ⁵),
659 2086 715 2122 ita
741 2085 781 2121 in
807 2096 935 2131 graeco
963 2097 1140 2123 sermone
1168 2085 1316 2124 factum
1343 2098 1425 2123 esse
1452 2089 1623 2123 statuere

297 2163 375 2188 non
402 2149 591 2188 audacius
617 2149 782 2187 videtur.

400 2293 426 2332 ¹)
449 2291 577 2322 Erliiut.
598 2301 632 2331 p.
655 2293 726 2324 154.

397 2343 428 2382 ²)
449 2341 573 2384 Meyer,
596 2342 749 2385 Beitrfige
771 2353 802 2384 p.
827 2344 866 2376 13
889 2354 938 2385 sq.
960 2344 1010 2376 24.

399 2397 425 2437 ³)
448 2395 582 2431 Tobler,
607 2395 671 2427 vid.
695 2396 848 2437 Beitriige
871 2407 903 2436 p.
927 2397 974 2427 14.

397 2448 424 2487 ⁴)
446 2446 534 2477 Justi
555 2456 590 2486 p.
612 2448 663 2478 30.

398 2499 425 2540 ⁵)
446 2496 501 2530 Cfr
523 2496 637 2530 Darm.
659 2507 693 2539 p.
718 2497 767 2539 17,
786 2498 828 2530 48
849 2507 899 2538 sq.
