1835 2968
758 206 807 243 53

122 300 277 356 ἅφατος
314 305 351 343 h.
386 318 484 344 nem.
513 305 547 353 Ι,
579 307 630 343 47
656 303 847 356 (μελέων),
874 301 1049 356 ἄφθιτος
1074 306 1112 344 h.
1140 309 1221 355 pyt.
1248 305 1323 355 IV,
1351 310 1438 356 291,

122 366 293 421 ἄφυκτος
331 371 381 410 al.
399 363 521 409 ‘istm.
549 370 648 420 VII,
683 372 730 409 65
764 367 891 421 (χερί),
919 368 1109 420 δύσβατος
1134 371 1184 410 al.
1212 384 1312 411 nem.
1340 371 1438 422 VII,

122 439 170 476 97
210 431 475 487 (ἀμαχανιᾶν),
518 432 743 484 ἔμπρακτος
785 441 839 487 pt.
883 441 962 487 pyt.
1003 438 1085 487 III,
1132 441 1181 476 62
1219 434 1438 488 (μαχανάν),

122 498 351 552 παρφυκτός
374 506 453 552 pyt.
481 502 586 551 XII,
616 505 676 540 30.

224 567 338 607 Licet
357 567 489 606 videre
515 567 754 618 Aeschylum
781 569 896 619 hujus
921 569 1071 617 generis
1097 569 1183 619 (ββ)
1210 569 1440 619 composito·

121 646 208 672 rum
226 633 314 683 plus
336 637 382 672 70
408 645 518 672 usum
537 645 631 681 esse,
650 646 672 671 e
691 646 768 683 quo
790 646 950 673 numero
968 648 1087 685 supra
1105 637 1154 673 50
1171 635 1254 686 ipse
1272 635 1437 674 novavit.

121 699 317 739 Pindarus
356 699 407 738 ad
448 702 496 738 30
543 698 731 748 adhibuit,
779 713 943 749 quorum
985 705 1116 739 tamen
1159 701 1281 740 multo
1323 700 1439 751 plura

121 779 169 804 ex
207 769 319 816 parte
359 765 411 805 ab
450 765 624 805 Homero
663 766 836 816 sumpsit,
876 779 924 805 ex
962 770 1074 816 parte
1105 766 1324 806 communia
1349 778 1437 805 cum

122 832 319 883 Aeschylo
346 831 474 871 habet.

223 898 434 948 Sophocles
473 910 626 948 quoque
666 898 781 948 hujus
820 899 971 946 generis
1010 899 1225 949 composita
1255 897 1368 938 finxit
1397 903 1438 938 et

121 964 276 1014 quidem
315 965 454 1015 saepius
492 965 558 1013 ita,
600 967 644 1003 ut
681 965 811 1014 priore
855 965 895 1003 in
939 968 1050 1014 parte
1094 965 1161 1010 δυς
1203 965 1436 1015 particulam

119 1034 297 1080 poneret:
339 1026 591 1077 ἀποτίβατος,
624 1027 912 1077 κατάμεμγττος,
945 1027 1269 1077 δυσθεράπειντος,
1296 1027 1437 1067 δυσκά-

123 1098 280 1144 θαρτος,
308 1092 516 1139 δύσνιπτος
534 1094 611 1138 (cfr
638 1090 828 1143 ἄνιπτος),
857 1092 1157 1143 διισπρόσοπτος
1181 1095 1260 1139 (cfr
1285 1090 1438 1144 ἀπροσ-

121 1157 290 1208 όρατος),
332 1157 640 1207 δυσπρόσοιστος
679 1160 755 1204 (cfr
781 1156 1057 1208 ἀπρόσοιστος,
1085 1158 1315 1208 δύσοιστος),
1347 1159 1437 1197 δυσ-

121 1221 315 1273 κόμιστος,
343 1221 600 1275 δυσλόγιστος,
629 1223 862 1275 δυσέριστος,
890 1223 1166 1272 δυσπέλαστος.

221 1340 276 1376 γγ.
330 1327 432 1365 Pars
464 1328 659 1374 posterior
697 1327 855 1364 debendi
887 1327 945 1365 vel
971 1327 1215 1366 necessitatis
1241 1327 1343 1376 siqui
1370 1339 1436 1365 ca—

122 1393 259 1432 tionem
286 1392 411 1431 habet.

223 1474 263 1512 A
301 1472 506 1523 potentiali
546 1472 825 1521 significatione
861 1472 912 1511 ad
938 1472 1104 1512 debendi
1128 1476 1246 1522 atque
1273 1473 1435 1512 necessi·

120 1540 211 1579 tatis
251 1540 327 1578 vim
365 1539 446 1577 sine
485 1551 625 1588 magna
663 1538 893 1578 difficultate
924 1540 1132 1578 transitum
1164 1542 1234 1587 est,
1263 1538 1304 1577 id
1330 1538 1434 1588 quod

116 1606 197 1656 jam
225 1604 330 1655 apud
357 1604 573 1643 Homerum
601 1617 646 1643 eo
674 1605 824 1645 facilius
851 1604 935 1644 fieri
960 1606 1098 1655 potuit,
1119 1604 1224 1655 quod
1241 1604 1434 1655 adjectiva

120 1671 291 1710 verbalia
303 1672 343 1708 in
359 1668 464 1715 -τέος
477 1670 648 1709 nondum
661 1674 748 1709 orta
761 1674 890 1710 erant:
910 1666 1059 1717 ἄδυτος,
1075 1666 1296 1721 ἀπόβλητος
1309 1666 1436 1718 (ἔπος,

120 1737 244 1787 δῶρα)
258 1750 308 1769 --.·
322 1732 563 1787 ἀποβλητέος
588 1736 738 1786 (Πολι).
779 1736 901 1787 Cujus
926 1738 966 1776 in
983 1735 1087 1781 -τέος
1105 1736 1239 1776 formae
1257 1736 1436 1787 exempla

119 1803 225 1854 apud
264 1802 502 1853 Aeschylum
541 1815 695 1851 quoque
734 1807 775 1841 et
812 1803 1027 1842 Pindarum
1056 1815 1257 1854 perpauca
1281 1806 1374 1842 sunt
1390 1805 1434 1847 ¹).

120 1870 255 1920 Atque
282 1869 496 1918 composita
521 1867 675 1918 quidem
701 1868 873 1908 verbalia
897 1869 937 1907 in
964 1867 1072 1914 -τέος
1097 1868 1292 1908 Pindarus
1315 1868 1435 1918 nulla,

120 1934 340 1985 Aeschylus
383 1947 503 1973 unum
546 1934 680 1973 habet:
732 1934 1014 1984 συγκαλυπτέος
1056 1948 1115 1985 pr.
1161 1937 1235 1974 523
1279 1932 1435 1984 (λόγος).

120 2001 186 2040 Ita
224 2001 369 2039 factum
409 2005 479 2048 est,
506 2004 550 2038 ut
581 2000 677 2039 talia
707 2000 838 2050 qualia
863 2004 953 2039 sunt
978 1997 1142 2047 c'x'awcog,
1169 1996 1387 2050 ἀμέγαρτος
1411 2013 1437 2039 a

120 2065 397 2114 significatione
437 2067 503 2115 qui
535 2066 639 2104 adiri
669 2078 745 2104 non
766 2069 906 2113 potest,
934 2067 997 2105 cui
1022 2066 1183 2104 invideri
1208 2078 1285 2104 non
1304 2069 1436 2114 potest

119 2132 333 2171 transirent
370 2131 420 2171 ad
453 2131 770 2180 significationem
797 2144 906 2181 quem
932 2132 1052 2178 adire,
1079 2133 1143 2171 cuz·
1166 2133 1334 2172 invidere
1359 2145 1435 2171 non

120 2201 269 2247 oportet
295 2198 433 2249 (licet),
461 2199 520 2237 cfr
538 2199 578 2236 in
596 2198 717 2237 latino
736 2211 911 2237 sermone
931 2199 1149 2237 inaccessus
1167 2199 1317 2247 (lucus)
1331 2216 1380 2232 ==
1394 2199 1435 2236 in

120 2276 230 2314 quem
267 2264 441 2303 accedere
479 2277 555 2303 non
597 2264 694 2304 licet.
748 2263 826 2304 Sed
857 2268 988 2304 tamen
1021 2268 1061 2304 et
1085 2264 1191 2316 apud
1217 2264 1434 2305 Homerum

120 2333 161 2369 et
186 2330 290 2381 apud
316 2330 531 2370 Pindarum
548 2344 642 2371 rara
658 2335 718 2371 est
734 2331 818 2371 haec
836 2331 1138 2381 compositorum
1156 2331 1434 2383 adjectivorum

222 2483 250 2522 ¹)
270 2481 326 2515 Ofr
345 2482 412 2515 Das
432 2481 474 2515 V.
495 2482 541 2523 II,
563 2483 624 2516 355
644 2492 716 2524 sqq.
