1835 2968
948 203 1020 239 126

317 305 460 351 tamen,
502 315 622 352 quum
661 302 739 342 alia
777 304 855 342 sint
892 304 1109 354 composita
1141 315 1227 352 quae
1253 303 1347 353 quin
1375 304 1415 341 in
1442 316 1487 342 eo
1513 302 1641 352 posita

319 369 408 417 sint,
450 367 555 419 quod
594 369 818 419 praepositio
858 370 898 408 in
938 371 1069 420 priore
1096 374 1208 420 parte
1234 370 1362 420 posita
1387 369 1640 420 posteriorem

318 439 472 485 partem
508 439 630 485 regat,
663 436 702 474 in
729 435 888 475 dubium
916 438 1048 476 vocari
1075 450 1153 476 non
1178 437 1301 486 possit
1327 449 1522 486 quumque
1548 435 1642 474 satis

320 514 423 551 saepe
450 501 535 541 fieri
562 502 697 551 soleat,
722 505 767 540 ut
784 502 941 542 nomina
959 503 1173 554 composita
1190 502 1440 551 secundariis,
1460 505 1504 541 ut
1520 501 1641 552 ajunt,

319 568 468 607 suffixis
493 568 773 619 producantur,
803 582 878 608 non
911 569 1046 609 dubito
1073 570 1149 609 huc
1175 569 1324 609 referre
1350 572 1391 607 et
1416 581 1474 617 ea,
1502 567 1641 617 quibus

321 634 601 685 respondentia
627 634 818 686 simplicia
843 636 883 674 in
910 650 969 674 -ιο
996 636 1112 687 plane
1131 649 1208 675 non
1228 639 1392 684 exstant,
1413 638 1453 674 et
1470 648 1527 684 ea,
1551 633 1641 685 'quae

322 714 399 740 non
439 705 596 741 constat
634 703 728 742 satis
767 706 920 742 vetusta
952 704 1068 743 fuisse
1096 707 1140 742 ut
1165 703 1215 743 ad
1242 704 1311 742 illa
1336 703 1549 753 composita
1575 701 1643 740 fin-

322 766 451 815 genda
475 767 654 806 adhiberi
680 772 850 818 possent.

424 832 637 873 Homerus:
679 830 917 882 ἀποθύμιος,
953 832 1145 883 ἐνθύμιος,
1174 831 1360 882 ἑνύπιίος,
1388 829 1643 880 καταθύμιος,

320 895 567 949 μεταδήμιος,
606 896 882 948 μεταδόρπιος,
922 897 1171 948 μεταμάζιος,
1214 897 1486 947 ποτιδόρπιος,
1528 894 1644 944 ὑπερ-

324 959 469 1012 θύριον,
509 961 761 1011 ὑπασπίδιος,
803 962 1098 1014 ἱποταρτάριος,
1131 961 1369 1017 ὑπωρόφιος.
1422 963 1518 1003 Alia
1543 966 1644 1011 sunt,

323 1042 488 1079 quorum
516 1031 707 1082 simplicia
732 1032 771 1070 in
799 1045 858 1069 -ιο
886 1020 1122 1083 quamquani
1149 1032 1396 1071 inveniuntur
1422 1035 1464 1071 et
1488 1031 1644 1082 quidem

323 1096 428 1147 apud
473 1097 647 1137 florentis
691 1098 817 1137 aetatis
861 1099 1088 1149 scriptores,
1140 1102 1269 1137 tamen
1314 1111 1405 1137 num
1450 1098 1646 1137 homerica

324 1167 439 1202 aetate
465 1164 612 1203 fuerint
637 1165 727 1203 sciri
754 1177 831 1203 non
858 1165 995 1215 possit:
1025 1162 1198 1211 εἱνόδιος,
1227 1162 1457 1212 ἐναρίθμιος
1474 1165 1517 1214 ¹),
1546 1160 1645 1201 ἕνεί·-

325 1243 442 1276 ναιος,
484 1227 772 1281 ἓπιδίφριος“),
813 1227 1053 1277 ἐπιχθόνιος,
1089 1228 1399 1281 ἓπομφάλιοςῐ),
1427 1228 1644 1281 ἕφημέριος,

324 1292 597 1342 καταχθόνιος,
624 1292 859 1344 ὑποχείριος.

426 1360 466 1400 N
469 1374 519 1400 on
538 1361 663 1401 multa
680 1362 795 1413 hujus
813 1363 965 1410 generis
982 1362 1198 1413 composita
1215 1362 1412 1409 finxerunt
1427 1362 1646 1413 Aeschylus

324 1430 364 1465 et
390 1426 598 1465 Pindarus.
652 1429 787 1476 Atque
827 1429 963 1477 paucis
1002 1441 1148 1475 eorum,
1177 1442 1262 1478 quae
1289 1428 1561 1475 adhibuerunt,
1588 1441 1646 1465 re·

324 1492 558 1543 spondentia
597 1494 788 1544 simplicia
827 1495 866 1533 in
908 1508 966 1531 -ιο
1006 1498 1170 1533 exstant.
1223 1494 1286 1533 Ex
1318 1495 1364 1533 iis
1390 1498 1532 1543 autem,
1560 1506 1646 1543 quae

324 1559 591 1597 inveniuntur:
632 1558 777 1610 φύλιος,
820 1556 964 1605 {imag
1002 1557 1156 1607 χείριος,
1196 1556 1363 1609 ἡμέρως,
1404 1560 1481 1598 duo
1513 1560 1648 1609 priora

325 1627 480 1663 exstant
514 1624 619 1675 apud
647 1626 893 1675 posteriores,
922 1624 999 1663 duo
1026 1625 1244 1674 posteriora
1271 1625 1375 1674 apud
1403 1625 1645 1675 Sophoclem.

325 1689 415 1739 Qua
452 1691 491 1728 in
530 1704 572 1729 re
613 1691 825 1729 notandum
865 1695 925 1729 est
963 1688 1184 1739 ὑποχείριος
1223 1695 1263 1729 et
1299 1688 1506 1740 ἒφημέριος
1545 1703 1647 1729 com-

324 1756 452 1806 posita
473 1756 556 1807 jam
582 1756 686 1808 apud
714 1756 932 1797 Homerum
958 1756 1132 1796 inveniri.

428 1823 642 1873 Sophocles
669 1835 867 1873 perpauca
894 1823 1020 1862 finxit:
1051 1820 1320 1869 ἕνθαλάσσιος,
1349 1819 1571 1867 &mammaea

430 1940 580 1980 Suffixo
607 1941 669 1977 dm
686 1942 721 1991 ²)
747 1941 830 1979 haec
857 1944 948 1979 sunt
973 1940 1157 1979 formata:

430 2028 511 2065 Ae:
540 2024 765 2076 ἑγχειρίδιος
791 2027 840 2065 al.
868 2040 951 2077 sup.
981 2030 1040 2075 22,
1069 2024 1343 2074 ἒπίμαστίδιος
1367 2026 1416 2064 al.
1436 2030 1533 2075 sept.
1562 2028 1647 2075 349,

328 2090 599 2141 ἑπιτυμβίδιος
625 2093 674 2131 al.
702 2093 762 2131 ch.
791 2095 876 2131 342.

429 2159 481 2199 P:
510 2156 768 2209 ἑπιγουνίδιος
793 2164 873 2210 pyt.
901 2160 982 2208 IX,
1011 2162 1070 2198 64.
1125 2158 1249 2198 Hom:
1278 2155 1554 2208 ἑπινεφρίδιος.

431 2225 581 2266 Suffixo
608 2238 700 2262 τανο
728 2226 936 2264 formatum
963 2229 1022 2263 est
1049 2220 1258 2276 ἐπηετανός
1268 2224 1303 2274 ³)
1321 2224 1358 2261 h.
1379 2235 1478 2262 nem.
1497 2223 1566 2273 VI,
1590 2227 1647 2263 10.

433 2391 460 2427 ¹)
483 2388 600 2428 Simpl.
622 2387 710 2428 apud
731 2388 930 2427 posteriores
954 2387 1068 2427 script.

433 2441 462 2479 ²)
482 2439 538 2472 Cfr
559 2438 657 2473 Grdz.
680 2438 739 2470 615
762 2448 833 2480 sqq.

432 2494 462 2535 ⁸)
483 2492 530 2524 St.
554 2490 763 2524 atfo=lat.
785 2500 867 2532 aevo,
889 2490 987 2523 Grdz.
1009 2490 1079 2523 388.
