1835 2968
974 213 1045 251 128

340 317 471 366 potest
508 314 600 365 quin
641 313 832 364 analogia,
881 326 997 364 quam
1040 313 1184 363 dicunt,
1224 313 1263 353 in
1303 312 1522 364 hujusmodi
1561 326 1662 353 com-

338 383 475 432 positis
513 381 705 430 fingendis
744 382 908 420 multum
942 381 1124 429 valuerit,
1166 386 1296 420 tamen
1330 393 1407 420 non
1434 380 1553 421 eredo
1580 394 1662 420 esse

338 461 410 487 eur
437 448 568 487 omnia
594 446 643 486 ab
670 446 806 486 eodem
832 447 1024 497 principio
1052 451 1141 486 orta
1166 459 1248 485 esse
1275 458 1510 486 censeamus.
1557 445 1662 487 Nam

341 528 411 554 cur
438 514 524 553 fieri
551 527 628 553 non
656 515 795 564 potuit,
823 518 868 553 ut
893 514 993 553 ratio
1014 517 1180 563 utraque
1198 513 1288 552 inde
1307 512 1357 552 ab
1375 514 1485 553 initio
1503 514 1661 563 valeret,
1705 548 1707 550 .

338 581 395 620 ita
423 584 468 620 ut
494 592 580 630 quae
607 580 815 630 posteriori
840 580 945 630 parti
972 581 1101 630 aptior
1128 583 1229 619 esset
1249 581 1310 620 ,vis
1337 592 1384 618 ea
1409 581 1531 631 priori
1554 582 1663 620 attri-

339 645 556 686 bueretur?
595 647 659 685 Ac
692 646 857 685 verbalis
883 647 984 685 ratio
1011 647 1042 684 si
1065 647 1148 696 jam
1175 646 1398 685 Homericis
1424 647 1663 697 temporibus

341 712 474 761 valuit,
501 724 572 751 cur
599 724 676 751 non
702 712 878 762 putanda
904 716 964 751 est
989 712 1154 751 valuisse
1181 716 1276 760 tum,
1304 725 1422 761 quum
1448 714 1663 762 composita

342 778 614 819 novabantur?

440 845 490 884 In
516 845 576 883 his
603 844 841 895 exponendis
859 845 1081 894 compositis
1107 858 1203 893 eam,
1224 858 1342 894 quam
1361 845 1571 884 Clemmius
1599 847 1657 884 in-

340 912 453 960 venit,
473 915 712 961 acceperunt
728 911 807 957 alii,
822 910 1079 949 distribuendi
1093 911 1283 949 rationem
1298 924 1451 960 sequar,
1471 915 1515 950 ut
1533 912 1662 951 omnia

341 978 439 1016 duas
465 978 505 1016 in
532 982 665 1027 partes
692 976 862 1016 tribuam
890 976 949 1025 A)
977 976 1185 1024 Asiqmata
1210 976 1265 1026 B)
1294 975 1515 1026 Siymatiea.

442 1073 495 1112 A.
549 1073 771 1122 Asiymata.

443 1155 493 1194 In
534 1154 649 1204 hujus
688 1154 841 1202 generis
880 1154 1102 1204 compositis
1141 1153 1327 1193 novandis
1364 1154 1462 1193 duas
1491 1155 1662 1195 rationes

341 1222 505 1260 valuisse
533 1219 750 1260 Osthoffius
788 1219 957 1269 probare
995 1223 1169 1258 conatur.
1223 1218 1328 1258 Nam
1362 1232 1478 1258 unam
1510 1224 1661 1270 partem

340 1288 472 1327 fictam
505 1300 588 1326 esse
622 1285 672 1325 ad
700 1285 987 1325 similitudinem
1015 1286 1315 1335 possessivorum
1332 1298 1486 1334 eorum,
1513 1286 1554 1325 in
1581 1287 1662 1336 qui-

340 1354 413 1392 bus
452 1353 561 1403 prior
600 1364 693 1402 pars
724 1356 886 1401 propter
913 1364 1021 1390 suam
1048 1364 1135 1390 cum
1168 1352 1288 1401 stirpe
1315 1351 1461 1390 verbali
1488 1353 1662 1391 similitu-

340 1419 469 1458 dinem
496 1422 537 1457 et
562 1431 608 1457 eo
635 1418 731 1467 ipso⁷
759 1417 863 1467 quod
890 1418 990 1456 ratio
1018 1419 1232 1466 possessiva
1259 1417 1428 1467 quodam
1454 1417 1570 1456 modo
1591 1418 1662 1456 dif-

339 1484 452 1523 ficilis
479 1496 525 1522 ac
553 1497 629 1522 non
657 1483 750 1522 satis
777 1486 871 1532 apt-a
897 1487 999 1521 esset
1017 1484 1060 1532 ¹),
1086 1497 1205 1533 prave
1224 1484 1506 1531 intelligeretur
1524 1489 1564 1522 et
1581 1498 1663 1522 ver-

340 1550 491 1598 baliter,
520 1553 564 1588 ut
589 1549 712 1600 ajunt,
740 1549 876 1587 sentiri
902 1549 1105 1599 inciperet.
1147 1549 1261 1601 Quod
1289 1554 1333 1589 ut
1356 1549 1507 1600 probet,
1535 1563 1582 1590 ea
1608 1551 1663 1589 af-

339 1617 419 1656 fert
444 1616 670 1666 composita„
698 1628 863 1665 quorum
889 1616 998 1665 prior
1024 1628 1116 1665 pars
1142 1617 1192 1655 sit
1217 1612 1360 1662 αἱολο-,
1387 1612 1524 1662 darm,
1550 1616 1664 1666 φιλο-

340 1697 463 1729 ww,
506 1677 640 1731 ὅρων,
674 1694 770 1719 σαο-
801 1681 852 1720 ad
878 1681 984 1720 illam
1012 1694 1036 1720 a
1062 1682 1247 1721 nominali
1274 1682 1425 1720 ratione
1451 1686 1664 1731 transgres-

340 1751 486 1788 sionem
533 1748 776 1787 efficiendam
822 1748 1021 1797 aptissima
1066 1747 1181 1786 fuisse
1199 1750 1243 1798 ²).
1310 1747 1492 1787 Alteram
1533 1753 1663 1788 autem

340 1819 493 1865 partem
532 1814 664 1853 fictam
704 1826 785 1852 esse
825 1813 876 1852 ad
909 1813 1197 1852 similitudinem
1232 1827 1377 1862 eorum,
1405 1827 1503 1863 quae,
1532 1827 1663 1863 quam-

341 1894 457 1930 quam
484 1893 624 1919 nomen
651 1880 801 1928 agentis
827 1880 957 1929 priore
984 1880 1022 1918 in
1047 1884 1159 1930 parte
1178 1879 1380 1927 haberent,
1399 1883 1530 1919 tamen
1548 1893 1663 1930 prop-

340 1951 401 1985 ter
426 1946 542 1996 hujus
569 1946 733 1984 nominis
766 1958 852 1983 cum
880 1946 1002 1995 stirpe
1029 1945 1175 1984 verbali
1202 1945 1490 1984 similitudinem
1518 1945 1664 1984 verbali

341 2011 626 2062 interpretandi
653 2012 794 2050 rationi
821 2011 950 2050 locum
978 2011 1167 2051 dederint.
1219 2011 1346 2061 Quam
1373 2011 1424 2050 ad
1450 2015 1664 2061 transgres-

340 2079 486 2116 sionem
514 2077 757 2116 efficiendam
784 2090 831 2116 ea
854 2081 949 2127 apta.
967 2077 1085 2115 fuisse
1105 2077 1330 2127 composita,
1351 2090 1514 2126 quorum
1532 2078 1663 2128 priore

338 2145 378 2183 in
411 2147 523 2195 parte
556 2143 742 2182 inessent:
772 2138 945 2190 ἁμαρτο-
962 2143 1007 2192 ³),
1042 2155 1172 2193 φυγο-,
1199 2138 1335 2194 fiam,
1363 2142 1489 2189 λιπο-,
1517 2155 1662 2192 στυγη-,

339 2223 465 2261 ‹payn-
481 2211 527 2260 ⁴).
582 2206 650 2247 Ad
690 2209 828 2248 horum
861 2208 1150 2247 similitudinem
1181 2208 1274 2248 ficta
1300 2222 1382 2248 esse
1408 2209 1504 2249 talia
1530 2209 1663 2260 qualia

444 2302 470 2342 1>
491 2310 524 2341 p.
542 2301 613 2332 153.

442 2352 471 2389 ²)
492 2361 525 2391 p.
547 2352 720 2383 143—153.

442 2403 470 2440 ³)
492 2401 564 2434 Hoc
590 2404 701 2432 tamen
722 2401 919 2440 adjectivum
947 2412 966 2433 a
993 2402 1155 2442 principio
1177 2402 1276 2434 fuisse
1297 2406 1425 2435 censet:
1448 2403 1662 2446 οἱμαριοεπήςε

338 2453 434 2492 ihren
455 2452 564 2484 zweck
584 2451 796 2492 veaefehlende
817 2457 918 2486 worte
939 2452 1083 2485 kabend.

442 2503 471 2541 ⁴)
492 2512 526 2544 p.
551 2503 725 2536 153—157.
