1835 2968
977 203 1026 239 50

439 306 503 352 ββ.
555 303 658 342 Pars
677 304 874 351 posterior
894 302 1145 352 potentialem
1169 304 1245 342 vim
1270 302 1395 342 habet.

441 385 471 426 J
473 397 535 425 am
568 384 767 436 adjectivis
800 383 1019 424 verbalibus
1050 384 1090 423 in
1119 397 1185 430 -ος
1210 397 1330 437 supra
1354 383 1518 423 vidimus
1543 383 1656 434 signi-

339 453 558 491 ficationem
587 466 711 501 neque
744 452 994 501 potentialem
1026 465 1151 500 neque
1191 451 1356 491 debendi
1391 455 1460 490 aut
1494 453 1657 490 necessi-

338 519 430 557 tatis
456 518 571 569 plane
598 517 744 556 abesse.
787 518 883 569 Quae
910 521 1039 556 tamen
1066 517 1365 565 significationes
1390 517 1430 555 in
1456 503 1656 567 adjectivis

339 584 558 623 verbalibus
597 585 636 623 in
678 599 763 629 -ἰσς
801 589 842 623 et
880 585 1118 633 antiquiores
1150 588 1191 622 et
1219 584 1341 623 multo
1373 574 1655 633 frequentiores

337 655 437 689 sunt.
492 650 627 700 Atque
667 650 890 701 potentialis
922 649 1076 700 quidem
1103 650 1241 688 horum
1268 650 1545 700 adjectivorum
1572 662 1655 688 ver·

336 718 481 757 balium
522 717 750 766 significatio
790 716 895 767 apud
937 716 1173 767 Aeschylum
1214 721 1253 756 et
1290 715 1505 756 Pindarum
1545 729 1654 766 aeque

336 784 418 821 fere
451 783 634 832 frequens
659 787 719 821 est
744 786 861 831 atque
889 796 936 821 ea
962 783 1010 820 de
1038 796 1116 832 qua
1141 795 1261 831 supra
1286 783 1433 830 egimus
1459 781 1655 832 participii

336 850 512 900 perfecti.
567 849 660 889 Jam
688 849 792 899 apud
821 849 1037 888 Homerum
1064 847 1260 899 permulta
1285 853 1376 888 sunt
1401 848 1516 899 hujus
1541 848 1653 897 signi-

334 915 524 954 ficationis
551 914 742 964 exempla:
779 910 858 950 ἄα,·ι
868 928 943 959 τος,
977 910 1214 961 ἀδάμαστος,
1242 910 1483 965 ἀθέσφατος,
1509 910 1652 959 ἄικτος,

335 976 530 1032 ἀκήλητος,
584 976 773 1030 ἅκίχηνος,
827 975 1024 1031 ἆκόρῃτος,
1070 976 1238 1028 ἄκριτος,
1283 976 1462 1025 ἄλαστος,
1506 975 1654 1026 ἄλυτος,

335 1042 562 1095 ἆμέγαρτος,
616 1041 846 1094 ἀμείλικτος,
900 1042 1123 1097 ἀμέτρητος,
1176 1041 1380 1093 ἀναβατός,
1433 1041 1653 1092 ἆνασχετός,

334 1107 502 1158 ἀνεκτός,
543 1108 758 1163 ἀνήκεστος,
792 1109 971 1158 ἄπιστος,
999 1108 1180 1163 ἄπλητος,
1208 1107 1427 1160 ἀρίγνωτος,
1455 1108 1652 1163 ἄρρηκτος,

333 1174 534 1226 ἄσβεστος,
576 1175 748 1225 ἄσχετος,
789 1175 960 1229 ἄτλητος,
1001 1175 1187 1229 ἄφθιτος,
1227 1174 1439 1230 ἄφραστος,
1466 1174 1651 1229 εὖήρυτος,

271 1290 275 1300 1
334 1242 519 1294 νήγρετος,
561 1241 849 1292 Λαλιινάγρετος.
902 1245 1119 1294 Saepissime
1147 1259 1172 1281 α
1198 1245 1429 1294 privativum
1461 1245 1568 1294 prior
1595 1247 1653 1282 est

333 1323 436 1360 pars.
493 1312 577 1354 Δυς
616 1314 745 1349 autem
786 1310 991 1360 particula,
1033 1323 1118 1359 quae
1146 1309 1249 1360 apud
1278 1311 1444 1357 tragicos
1470 1313 1551 1349 tam
1576 1309 1651 1347 fre-

333 1380 500 1425 quenter
538 1377 630 1415 insit
655 1377 693 1414 in
723 1377 957 1427 compositis,
986 1389 1104 1426 quum
1131 1376 1336 1426 perpaucis
1361 1376 1402 1414 in
1429 1376 1649 1426 compositis

332 1441 566 1482 adhibeatur
594 1442 644 1482 ab
671 1443 859 1492 Homero,
886 1447 968 1482 tum
995 1455 1204 1493 numquam
1232 1455 1321 1481 cum
1347 1442 1546 1493 adjectivis
1569 1455 1651 1481 ver-

332 1508 484 1547 balibus
522 1510 562 1547 in
602 1523 690 1553 -τος
728 1511 988 1560 conjungitur.
1041 1509 1193 1548 Eadem
1220 1513 1279 1548 est
1304 1510 1404 1548 ratio
1430 1509 1535 1558 apud
1559 1509 1651 1548 Pin-

331 1574 467 1614 darum
496 1577 675 1626 (excepto
696 1572 915 1626 δύσβατος).

433 1641 673 1689 Significatio
707 1642 862 1691 quidem
889 1642 1111 1692 potentialis
1138 1643 1168 1680 si
1197 1642 1405 1691 quaerimus
1431 1654 1508 1690 quo
1535 1641 1655 1680 modo

331 1710 419 1745 orta
457 1707 517 1754 sit,
558 1707 640 1746 haec
680 1708 779 1746 ratio
820 1707 1013 1745 simillima
1039 1711 1098 1745 est
1123 1707 1216 1757 ejus⁷
1244 1720 1323 1756 qua
1346 1707 1387 1745 in
1414 1711 1545 1745 nostro
1573 1720 1649 1745 ser-

330 1786 442 1811 mone
468 1773 717 1823 participium
744 1774 908 1823 perfecti
936 1774 1077 1823 passivi
1104 1773 1154 1812 ad
1180 1773 1497 1822 significationem
1515 1777 1649 1824 poten-

330 1838 460 1877 tialem
487 1838 784 1887 transgreditur.
824 1840 981 1878 Etenim
1009 1844 1053 1878 ut
1078 1839 1173 1878 talia
1196 1839 1329 1888 qualia
1346 1843 1437 1878 sunt
1456 1839 1646 1885 lc‘ittsko'tt,

332 1905 498 1951 mulda,
527 1906 734 1949 svers-leon,
761 1906 943 1950 ευιῐνῖἄεέ,
970 1905 1204 1953 significant:
1233 1918 1314 1944 som
1340 1906 1426 1954 lc'itt,
1445 1906 1553 1945 svdrt
1571 1906 1648 1945 kan

329 1970 473 2015 shows,
517 1970 625 2008 ldsas
665 1972 761 2026 (cfrtv
800 1971 863 2008 dot
896 1974 943 2008 ἄν
977 1971 1120 2008 ldttare
1152 1971 1266 2019 saydt
1293 1973 1345 2008 ἄη
1369 1971 1499 2019 qjordt
1517 1989 1566 2004 =
1585 1971 1649 2009 det

329 2036 405 2073 Itan
434 2036 577 2074 liittare
603 2039 722 2085 siiyas
748 2039 799 2075 ἄη
825 2038 974 2086 (joras),
1000 2037 1065 2085 ita,
1094 2037 1242 2087 opinor,
1267 2038 1307 2076 in
1326 2049 1453 2085 graeco
1472 2050 1648 2077 sermone

328 2100 557 2148 significatio
584 2103 806 2151 potentialis
832 2104 870 2140 in
899 2102 1069 2141 verbalia
1094 2103 1133 2140 in
1161 2117 1248 2147 -τος
1271 2103 1459 2153 paulatim
1477 2103 1644 2153 irrepsit.

431 2167 565 2216 Atque
606 2169 721 2206 etiam
762 2168 884 2206 latino
925 2169 963 2206 in
1003 2181 1178 2207 sermone
1211 2168 1372 2208 eandem
1399 2168 1490 2208 licet
1515 2169 1645 2208 videre
1689 2196 1691 2198 v

327 2233 518 2271 rationem
538 2234 571 2283 ¹)
612 2235 855 2283 (invictusz
871 2235 1040 2285 olcufivy).
1094 2234 1378 2283 Transgredior
1409 2235 1459 2274 ad
1493 2249 1645 2275 enume-

325 2299 529 2341 rationem.

430 2483 455 2525 ι)
477 2482 534 2515 ofr
556 2483 623 2516 Das
645 2483 685 2515 v.
707 2483 749 2525 11,
771 2483 842 2516 360.
