<?xml version="1.0" encoding="UTF-8"?>
<!DOCTYPE html PUBLIC "-//W3C//DTD XHTML 1.0 Transitional//EN"
    "http://www.w3.org/TR/xhtml1/DTD/xhtml1-transitional.dtd">
<html xmlns="http://www.w3.org/1999/xhtml" xml:lang="en" lang="en">
 <head>
  <title>
</title>
<meta http-equiv="Content-Type" content="text/html;charset=utf-8" />
  <meta name='ocr-system' content='tesseract 3.04.00' />
  <meta name='ocr-capabilities' content='ocr_page ocr_carea ocr_par ocr_line ocrx_word'/>
</head>
<body>
  <div class='ocr_page' id='page_1' title='image "4737327_0048.png"; bbox 0 0 1835 2968; ppageno 0'>
   <div class='ocr_carea' id='block_1_1' title="bbox 942 204 1060 243">
    <p class='ocr_par' dir='ltr' id='par_1_1' title="bbox 942 204 1060 243">
     <span class='ocr_line' id='line_1_1' title="bbox 942 204 1060 243; baseline 0.017 -2"><span class='ocrx_word' id='word_1_1' title='bbox 942 204 991 241; x_wconf 82' lang='lat'><strong>38</strong></span> <span class='ocrx_word' id='word_1_2' title='bbox 1058 241 1060 243; x_wconf 74' lang='grc'><strong>,</strong></span> 
     </span>
    </p>
   </div>
   <div class='ocr_carea' id='block_1_2' title="bbox 403 268 1699 355">
    <p class='ocr_par' dir='ltr' id='par_1_2' title="bbox 403 268 1835 356">
     <span class='ocr_line' id='line_1_2' title="bbox 403 268 1699 355; baseline -0.004 -11"><span class='ocrx_word' id='word_1_3' title='bbox 403 303 455 343; x_wconf 87' lang='lat' dir='ltr'><strong>P:</strong></span> <span class='ocrx_word' id='word_1_4' title='bbox 496 299 710 349; x_wconf 81' lang='grc' dir='ltr'><strong><em>ἀντίπαλος</em></strong></span> <span class='ocrx_word' id='word_1_5' title='bbox 735 303 786 343; x_wconf 88' lang='lat' dir='ltr'><strong>al.</strong></span> <span class='ocrx_word' id='word_1_6' title='bbox 814 303 863 343; x_wconf 90' lang='lat' dir='ltr'><strong>ol.</strong></span> <span class='ocrx_word' id='word_1_7' title='bbox 891 268 1014 351; x_wconf 81' lang='lat' dir='ltr'>VIII,</span> <span class='ocrx_word' id='word_1_8' title='bbox 1044 306 1103 353; x_wconf 99' lang='lat'><strong>71,</strong></span> <span class='ocrx_word' id='word_1_9' title='bbox 1143 300 1349 353; x_wconf 78' lang='grc' dir='ltr'>ἅπίτομος</span> <span class='ocrx_word' id='word_1_10' title='bbox 1375 305 1412 344; x_wconf 87' lang='lat' dir='ltr'><strong>h.</strong></span> <span class='ocrx_word' id='word_1_11' title='bbox 1439 306 1518 355; x_wconf 85' lang='lat' dir='ltr'><strong>pyt.</strong></span> <span class='ocrx_word' id='word_1_12' title='bbox 1546 301 1621 352; x_wconf 92' lang='lat' dir='ltr'><strong>IV,</strong></span> <span class='ocrx_word' id='word_1_13' title='bbox 1696 349 1699 351; x_wconf 66' lang='lat'>‚</span> 
     </span>
    </p>
   </div>
   <div class='ocr_carea' id='block_1_3' title="bbox 302 365 1623 422">
    <p class='ocr_par' dir='ltr' id='par_1_3' title="bbox 302 365 1623 422">
     <span class='ocr_line' id='line_1_3' title="bbox 302 365 1623 422; baseline -0.002 -12"><span class='ocrx_word' id='word_1_14' title='bbox 302 373 374 410; x_wconf 82' lang='lat'><strong>221</strong></span> <span class='ocrx_word' id='word_1_15' title='bbox 403 366 496 421; x_wconf 72' lang='grc' dir='ltr'>(οἷ-α</span> <span class='ocrx_word' id='word_1_16' title='bbox 524 367 661 409; x_wconf 80' lang='grc' dir='ltr'>ὀδυνᾶν</span> <span class='ocrx_word' id='word_1_17' title='bbox 677 371 741 422; x_wconf 87' lang='lat'>¹))‚</span> <span class='ocrx_word' id='word_1_18' title='bbox 769 366 949 420; x_wconf 80' lang='grc' dir='ltr'>ἆπάορος</span> <span class='ocrx_word' id='word_1_19' title='bbox 965 374 1021 421; x_wconf 89' lang='lat' dir='ltr'><strong>pt.</strong></span> <span class='ocrx_word' id='word_1_20' title='bbox 1041 375 1120 422; x_wconf 86' lang='lat' dir='ltr'><strong>pyt.</strong></span> <span class='ocrx_word' id='word_1_21' title='bbox 1133 370 1254 420; x_wconf 84' lang='lat' dir='ltr'>VIII,</span> <span class='ocrx_word' id='word_1_22' title='bbox 1274 374 1323 411; x_wconf 84' lang='lat'><strong>90</strong></span> <span class='ocrx_word' id='word_1_23' title='bbox 1339 369 1518 422; x_wconf 73' lang='grc' dir='ltr'>(ἐχθρῶν</span> <span class='ocrx_word' id='word_1_24' title='bbox 1535 365 1623 408; x_wconf 81' lang='grc' dir='ltr'>ἆ-οι</span> 
     </span>
    </p>
   </div>
   <div class='ocr_carea' id='block_1_4' title="bbox 1663 0 1835 171">
    <p class='ocr_par' dir='ltr' id='par_1_4' title="bbox 1663 0 1835 171">
     <span class='ocr_line' id='line_1_4' title="bbox 1663 0 1835 171; baseline 0 2797"><span class='ocrx_word' id='word_1_25' title='bbox 1663 0 1835 171; x_wconf 95' lang='lat' dir='ltr'><strong> </strong></span> 
     </span>
    </p>
   </div>
   <div class='ocr_carea' id='block_1_5' title="bbox 301 433 1705 490">
    <p class='ocr_par' dir='ltr' id='par_1_5' title="bbox 301 433 1705 490">
     <span class='ocr_line' id='line_1_5' title="bbox 301 433 1705 490; baseline 0 -14"><span class='ocrx_word' id='word_1_26' title='bbox 301 437 529 487; x_wconf 73' lang='lat' dir='ltr'><strong>afliiysnade</strong></span> <span class='ocrx_word' id='word_1_27' title='bbox 554 436 675 484; x_wconf 69' lang='lat' dir='ltr'><strong>isnin,</strong></span> <span class='ocrx_word' id='word_1_28' title='bbox 703 437 974 488; x_wconf 78' lang='lat' dir='ltr'><strong>undvikande),</strong></span> <span class='ocrx_word' id='word_1_29' title='bbox 1002 433 1234 486; x_wconf 79' lang='grc' dir='ltr'><em>ἀπότροπος</em></span> <span class='ocrx_word' id='word_1_30' title='bbox 1259 438 1297 477; x_wconf 92' lang='lat' dir='ltr'><strong>h.</strong></span> <span class='ocrx_word' id='word_1_31' title='bbox 1324 443 1404 490; x_wconf 80' lang='lat' dir='ltr'><strong>pyt.</strong></span> <span class='ocrx_word' id='word_1_32' title='bbox 1431 437 1554 486; x_wconf 91' lang='lat' dir='ltr'>VIII,</span> <span class='ocrx_word' id='word_1_33' title='bbox 1574 439 1623 476; x_wconf 87' lang='grc'><strong>98</strong></span> <span class='ocrx_word' id='word_1_34' title='bbox 1701 439 1705 443; x_wconf 87' lang='grc'><strong>’</strong></span> 
     </span>
    </p>
   </div>
   <div class='ocr_carea' id='block_1_6' title="bbox 302 500 1629 1084">
    <p class='ocr_par' dir='ltr' id='par_1_6' title="bbox 302 500 1624 952">
     <span class='ocr_line' id='line_1_6' title="bbox 302 500 1623 558; baseline 0.002 -18"><span class='ocrx_word' id='word_1_35' title='bbox 302 500 481 554; x_wconf 84' lang='grc' dir='ltr'>(γνώμα),</span> <span class='ocrx_word' id='word_1_36' title='bbox 508 500 663 552; x_wconf 78' lang='grc' dir='ltr'>ἔκγονος</span> <span class='ocrx_word' id='word_1_37' title='bbox 689 503 726 542; x_wconf 88' lang='lat' dir='ltr'><strong>h.</strong></span> <span class='ocrx_word' id='word_1_38' title='bbox 753 508 833 554; x_wconf 83' lang='lat' dir='ltr'><strong>pyt.</strong></span> <span class='ocrx_word' id='word_1_39' title='bbox 862 504 896 549; x_wconf 91' lang='lat' dir='ltr'><strong>I,</strong></span> <span class='ocrx_word' id='word_1_40' title='bbox 924 507 985 553; x_wconf 89' lang='grc'><strong>63,</strong></span> <span class='ocrx_word' id='word_1_41' title='bbox 1025 501 1240 555; x_wconf 77' lang='grc' dir='ltr'>ἐπίκρυφος</span> <span class='ocrx_word' id='word_1_42' title='bbox 1264 509 1319 555; x_wconf 91' lang='lat' dir='ltr'><strong>pt.</strong></span> <span class='ocrx_word' id='word_1_43' title='bbox 1348 506 1399 545; x_wconf 91' lang='lat' dir='ltr'><strong>ol.</strong></span> <span class='ocrx_word' id='word_1_44' title='bbox 1427 504 1551 558; x_wconf 73' lang='lat' dir='ltr'>VIII,</span> <span class='ocrx_word' id='word_1_45' title='bbox 1575 506 1623 542; x_wconf 84' lang='lat'><strong>69</strong></span> 
     </span>
     <span class='ocr_line' id='line_1_7' title="bbox 302 562 1623 623; baseline 0.003 -18"><span class='ocrx_word' id='word_1_46' title='bbox 302 562 462 620; x_wconf 79' lang='grc' dir='ltr'>(οἶμον),</span> <span class='ocrx_word' id='word_1_47' title='bbox 489 564 690 619; x_wconf 80' lang='grc' dir='ltr'>’Ἐπίγονοι</span> <span class='ocrx_word' id='word_1_48' title='bbox 709 569 759 609; x_wconf 89' lang='lat' dir='ltr'><strong>al.</strong></span> <span class='ocrx_word' id='word_1_49' title='bbox 778 572 858 621; x_wconf 58' lang='lat' dir='ltr'><strong>pfft.</strong></span> <span class='ocrx_word' id='word_1_50' title='bbox 880 568 1002 620; x_wconf 88' lang='lat' dir='ltr'>VIII,</span> <span class='ocrx_word' id='word_1_51' title='bbox 1027 572 1089 620; x_wconf 91' lang='lat'><strong>44,</strong></span> <span class='ocrx_word' id='word_1_52' title='bbox 1109 566 1296 619; x_wconf 76' lang='grc' dir='ltr'>ἑπίνομος</span> <span class='ocrx_word' id='word_1_53' title='bbox 1313 575 1368 623; x_wconf 89' lang='lat' dir='ltr'><strong>pt.</strong></span> <span class='ocrx_word' id='word_1_54' title='bbox 1387 575 1467 623; x_wconf 77' lang='lat' dir='ltr'><strong>pyt.</strong></span> <span class='ocrx_word' id='word_1_55' title='bbox 1486 570 1567 618; x_wconf 92' lang='lat' dir='ltr'><strong>XI,</strong></span> <span class='ocrx_word' id='word_1_56' title='bbox 1589 573 1623 619; x_wconf 88' lang='grc'><strong>7,</strong></span> 
     </span>
     <span class='ocr_line' id='line_1_8' title="bbox 302 631 1624 688; baseline 0.004 -18"><span class='ocrx_word' id='word_1_57' title='bbox 302 631 522 683; x_wconf 68' lang='grc' dir='ltr'>ἐπίτροπος</span> <span class='ocrx_word' id='word_1_58' title='bbox 547 635 597 673; x_wconf 87' lang='lat' dir='ltr'><strong>al.</strong></span> <span class='ocrx_word' id='word_1_59' title='bbox 626 636 674 674; x_wconf 92' lang='lat' dir='ltr'><strong>ol.</strong></span> <span class='ocrx_word' id='word_1_60' title='bbox 702 636 737 685; x_wconf 90' lang='lat' dir='ltr'><strong>I,</strong></span> <span class='ocrx_word' id='word_1_61' title='bbox 768 639 852 685; x_wconf 86' lang='lat'>106,</span> <span class='ocrx_word' id='word_1_62' title='bbox 886 633 1071 685; x_wconf 82' lang='grc' dir='ltr'>ξυνάορος</span> <span class='ocrx_word' id='word_1_63' title='bbox 1096 637 1143 676; x_wconf 84' lang='lat' dir='ltr'><strong>fr.</strong></span> <span class='ocrx_word' id='word_1_64' title='bbox 1172 640 1232 685; x_wconf 92' lang='lat'><strong>87,</strong></span> <span class='ocrx_word' id='word_1_65' title='bbox 1254 647 1286 686; x_wconf 88' lang='grc'><strong>9,</strong></span> <span class='ocrx_word' id='word_1_66' title='bbox 1314 635 1548 688; x_wconf 84' lang='grc' dir='ltr'>παλαίγονος</span> <span class='ocrx_word' id='word_1_67' title='bbox 1574 636 1624 676; x_wconf 85' lang='grc'><strong>01.</strong></span> 
     </span>
     <span class='ocr_line' id='line_1_9' title="bbox 302 698 1623 755; baseline 0.002 -17"><span class='ocrx_word' id='word_1_68' title='bbox 302 699 434 750; x_wconf 91' lang='lat' dir='ltr'>XIII,</span> <span class='ocrx_word' id='word_1_69' title='bbox 461 701 523 750; x_wconf 90' lang='lat'><strong>48,</strong></span> <span class='ocrx_word' id='word_1_70' title='bbox 551 700 673 751; x_wconf 92' lang='lat' dir='ltr'>XIV,</span> <span class='ocrx_word' id='word_1_71' title='bbox 701 703 738 750; x_wconf 88' lang='lat'>4,</span> <span class='ocrx_word' id='word_1_72' title='bbox 779 698 1010 747; x_wconf 83' lang='grc' dir='ltr'>ποτίκολλος</span> <span class='ocrx_word' id='word_1_73' title='bbox 1035 701 1083 741; x_wconf 88' lang='lat' dir='ltr'><strong>fr.</strong></span> <span class='ocrx_word' id='word_1_74' title='bbox 1112 704 1197 752; x_wconf 80' lang='grc'><strong>280,</strong></span> <span class='ocrx_word' id='word_1_75' title='bbox 1230 699 1450 755; x_wconf 78' lang='grc' dir='ltr'>ποτίφορος</span> <span class='ocrx_word' id='word_1_76' title='bbox 1464 703 1498 755; x_wconf 82' lang='lat'><strong>²)</strong></span> <span class='ocrx_word' id='word_1_77' title='bbox 1524 714 1623 742; x_wconf 92' lang='lat' dir='ltr'><strong>nem.</strong></span> 
     </span>
     <span class='ocr_line' id='line_1_10' title="bbox 303 764 1623 821; baseline 0.001 -14"><span class='ocrx_word' id='word_1_78' title='bbox 303 764 403 815; x_wconf 88' lang='lat' dir='ltr'>VII,</span> <span class='ocrx_word' id='word_1_79' title='bbox 440 770 501 816; x_wconf 83' lang='lat'>63,</span> <span class='ocrx_word' id='word_1_80' title='bbox 534 766 617 817; x_wconf 91' lang='lat' dir='ltr'>III,</span> <span class='ocrx_word' id='word_1_81' title='bbox 651 771 711 818; x_wconf 89' lang='lat'>30,</span> <span class='ocrx_word' id='word_1_82' title='bbox 753 766 944 817; x_wconf 81' lang='grc' dir='ltr'>πρόγονος</span> <span class='ocrx_word' id='word_1_83' title='bbox 969 769 1007 808; x_wconf 91' lang='lat' dir='ltr'><strong>h.</strong></span> <span class='ocrx_word' id='word_1_84' title='bbox 1037 769 1085 808; x_wconf 92' lang='lat' dir='ltr'><strong>ol.</strong></span> <span class='ocrx_word' id='word_1_85' title='bbox 1113 768 1188 818; x_wconf 89' lang='lat' dir='ltr'><strong>VI,</strong></span> <span class='ocrx_word' id='word_1_86' title='bbox 1217 771 1277 818; x_wconf 71' lang='lat'>59,</span> <span class='ocrx_word' id='word_1_87' title='bbox 1318 766 1548 821; x_wconf 80' lang='grc' dir='ltr'>πρόσφορος</span> <span class='ocrx_word' id='word_1_88' title='bbox 1573 768 1623 808; x_wconf 86' lang='lat' dir='ltr'><strong>al.</strong></span> 
     </span>
     <span class='ocr_line' id='line_1_11' title="bbox 303 831 1624 885; baseline 0.002 -14"><span class='ocrx_word' id='word_1_89' title='bbox 303 832 352 871; x_wconf 92' lang='lat' dir='ltr'><strong>ol.</strong></span> <span class='ocrx_word' id='word_1_90' title='bbox 393 832 475 881; x_wconf 92' lang='lat' dir='ltr'><strong>IX,</strong></span> <span class='ocrx_word' id='word_1_91' title='bbox 515 836 576 882; x_wconf 90' lang='grc'><strong>87,</strong></span> <span class='ocrx_word' id='word_1_92' title='bbox 618 831 796 884; x_wconf 76' lang='grc' dir='ltr'>σύγγονος</span> <span class='ocrx_word' id='word_1_93' title='bbox 835 834 884 873; x_wconf 91' lang='lat' dir='ltr'><strong>al.</strong></span> <span class='ocrx_word' id='word_1_94' title='bbox 918 834 967 873; x_wconf 91' lang='lat' dir='ltr'><strong>ol.</strong></span> <span class='ocrx_word' id='word_1_95' title='bbox 1001 834 1106 884; x_wconf 88' lang='lat' dir='ltr'>XII,</span> <span class='ocrx_word' id='word_1_96' title='bbox 1144 837 1202 883; x_wconf 87' lang='lat'><strong>15,</strong></span> <span class='ocrx_word' id='word_1_97' title='bbox 1243 831 1429 885; x_wconf 86' lang='grc' dir='ltr'>συνάορος</span> <span class='ocrx_word' id='word_1_98' title='bbox 1459 835 1496 874; x_wconf 89' lang='lat' dir='ltr'><strong>h.</strong></span> <span class='ocrx_word' id='word_1_99' title='bbox 1525 847 1624 873; x_wconf 84' lang='lat' dir='ltr'><strong>nem.</strong></span> 
     </span>
     <span class='ocr_line' id='line_1_12' title="bbox 304 897 1066 952; baseline 0.004 -15"><span class='ocrx_word' id='word_1_100' title='bbox 304 898 378 948; x_wconf 87' lang='lat' dir='ltr'><strong>IV,</strong></span> <span class='ocrx_word' id='word_1_101' title='bbox 407 901 443 948; x_wconf 85' lang='lat'><strong>5,</strong></span> <span class='ocrx_word' id='word_1_102' title='bbox 470 897 676 950; x_wconf 80' lang='grc' dir='ltr'>τηλέβολος</span> <span class='ocrx_word' id='word_1_103' title='bbox 701 904 757 950; x_wconf 81' lang='lat' dir='ltr'><strong>pt.</strong></span> <span class='ocrx_word' id='word_1_104' title='bbox 784 905 864 952; x_wconf 81' lang='lat' dir='ltr'><strong>pyt.</strong></span> <span class='ocrx_word' id='word_1_105' title='bbox 893 901 976 950; x_wconf 90' lang='grc' dir='ltr'><strong>ΠΙ,</strong></span> <span class='ocrx_word' id='word_1_106' title='bbox 1004 903 1066 940; x_wconf 84' lang='grc'><strong>49.</strong></span> 
     </span>
    </p>

    <p class='ocr_par' dir='ltr' id='par_1_7' title="bbox 305 965 1629 1084">
     <span class='ocr_line' id='line_1_13' title="bbox 406 965 1627 1016; baseline 0.001 -13"><span class='ocrx_word' id='word_1_107' title='bbox 406 965 540 1014; x_wconf 85' lang='lat' dir='ltr'><strong>Hujus</strong></span> <span class='ocrx_word' id='word_1_108' title='bbox 579 967 731 1013; x_wconf 87' lang='lat' dir='ltr'><strong>generis</strong></span> <span class='ocrx_word' id='word_1_109' title='bbox 758 967 846 1016; x_wconf 90' lang='grc' dir='ltr'>(αα)</span> <span class='ocrx_word' id='word_1_110' title='bbox 873 968 1087 1016; x_wconf 88' lang='lat' dir='ltr'><strong>composita</strong></span> <span class='ocrx_word' id='word_1_111' title='bbox 1120 968 1407 1016; x_wconf 84' lang='lat' dir='ltr'><strong>Aeschylus.et</strong></span> <span class='ocrx_word' id='word_1_112' title='bbox 1431 967 1627 1005; x_wconf 84' lang='lat' dir='ltr'><strong>Pindarus</strong></span> 
     </span>
     <span class='ocr_line' id='line_1_14' title="bbox 305 1030 1629 1084; baseline 0.001 -14"><span class='ocrx_word' id='word_1_113' title='bbox 305 1034 345 1071; x_wconf 85' lang='lat' dir='ltr'><strong>et</strong></span> <span class='ocrx_word' id='word_1_114' title='bbox 371 1030 420 1070; x_wconf 89' lang='lat' dir='ltr'><strong>ab</strong></span> <span class='ocrx_word' id='word_1_115' title='bbox 447 1030 624 1071; x_wconf 88' lang='lat' dir='ltr'><strong>Homero</strong></span> <span class='ocrx_word' id='word_1_116' title='bbox 652 1045 729 1071; x_wconf 92' lang='lat' dir='ltr'><strong>non</strong></span> <span class='ocrx_word' id='word_1_117' title='bbox 756 1036 836 1072; x_wconf 90' lang='lat' dir='ltr'><strong>tam</strong></span> <span class='ocrx_word' id='word_1_118' title='bbox 864 1046 991 1084; x_wconf 87' lang='lat' dir='ltr'><strong>pauca</strong></span> <span class='ocrx_word' id='word_1_119' title='bbox 1015 1037 1263 1084; x_wconf 88' lang='lat' dir='ltr'><strong>sumpserunt</strong></span> <span class='ocrx_word' id='word_1_120' title='bbox 1285 1037 1326 1073; x_wconf 90' lang='lat' dir='ltr'><strong>et</strong></span> <span class='ocrx_word' id='word_1_121' title='bbox 1342 1033 1416 1083; x_wconf 91' lang='lat' dir='ltr'><strong>ipsi</strong></span> <span class='ocrx_word' id='word_1_122' title='bbox 1434 1036 1629 1073; x_wconf 88' lang='lat' dir='ltr'><strong>novarunt</strong></span> 
     </span>
    </p>
   </div>
   <div class='ocr_carea' id='block_1_7' title="bbox 304 1097 1683 1148">
    <p class='ocr_par' dir='ltr' id='par_1_8' title="bbox 304 1097 1683 1148">
     <span class='ocr_line' id='line_1_15' title="bbox 304 1097 1683 1148; baseline 0.002 -14"><span class='ocrx_word' id='word_1_123' title='bbox 304 1097 392 1146; x_wconf 93' lang='lat' dir='ltr'><strong>plus</strong></span> <span class='ocrx_word' id='word_1_124' title='bbox 433 1100 493 1145; x_wconf 89' lang='lat'><strong>30,</strong></span> <span class='ocrx_word' id='word_1_125' title='bbox 535 1110 699 1146; x_wconf 92' lang='lat' dir='ltr'><strong>quorum</strong></span> <span class='ocrx_word' id='word_1_126' title='bbox 739 1099 863 1147; x_wconf 88' lang='lat' dir='ltr'><strong>major</strong></span> <span class='ocrx_word' id='word_1_127' title='bbox 902 1112 994 1148; x_wconf 87' lang='lat' dir='ltr'><strong>pars</strong></span> <span class='ocrx_word' id='word_1_128' title='bbox 1033 1099 1082 1136; x_wconf 86' lang='lat' dir='ltr'><strong>ab</strong></span> <span class='ocrx_word' id='word_1_129' title='bbox 1122 1099 1207 1137; x_wconf 88' lang='lat' dir='ltr'><strong>aliis</strong></span> <span class='ocrx_word' id='word_1_130' title='bbox 1240 1099 1494 1148; x_wconf 78' lang='lat' dir='ltr'><strong>scriptoribus</strong></span> <span class='ocrx_word' id='word_1_131' title='bbox 1520 1098 1627 1137; x_wconf 90' lang='lat' dir='ltr'><strong>adhi-</strong></span> <span class='ocrx_word' id='word_1_132' title='bbox 1680 1124 1683 1126; x_wconf 93' lang='lat'><em>-</em></span> 
     </span>
    </p>
   </div>
   <div class='ocr_carea' id='block_1_8' title="bbox 304 1161 484 1201">
    <p class='ocr_par' dir='ltr' id='par_1_9' title="bbox 304 1161 484 1201">
     <span class='ocr_line' id='line_1_16' title="bbox 304 1161 484 1201; baseline 0.006 -1"><span class='ocrx_word' id='word_1_133' title='bbox 304 1161 388 1201; x_wconf 88' lang='lat' dir='ltr'><strong>bita</strong></span> <span class='ocrx_word' id='word_1_134' title='bbox 414 1165 484 1201; x_wconf 89' lang='lat' dir='ltr'><strong>est.</strong></span> 
     </span>
    </p>
   </div>
   <div class='ocr_carea' id='block_1_9' title="bbox 304 1253 1627 1437">
    <p class='ocr_par' dir='ltr' id='par_1_10' title="bbox 304 1253 1627 1437">
     <span class='ocr_line' id='line_1_17' title="bbox 405 1253 1627 1305; baseline 0.002 -16"><span class='ocrx_word' id='word_1_135' title='bbox 405 1254 469 1299; x_wconf 71' lang='grc' dir='ltr'><strong>ββ.</strong></span> <span class='ocrx_word' id='word_1_136' title='bbox 524 1253 704 1292; x_wconf 80' lang='lat' dir='ltr'><strong>Alterum</strong></span> <span class='ocrx_word' id='word_1_137' title='bbox 747 1258 805 1292; x_wconf 83' lang='lat' dir='ltr'><strong>est</strong></span> <span class='ocrx_word' id='word_1_138' title='bbox 844 1268 985 1302; x_wconf 82' lang='lat' dir='ltr'><strong>eorum,</strong></span> <span class='ocrx_word' id='word_1_139' title='bbox 1026 1256 1166 1305; x_wconf 76' lang='lat' dir='ltr'><strong>quibus</strong></span> <span class='ocrx_word' id='word_1_140' title='bbox 1205 1259 1276 1293; x_wconf 76' lang='lat' dir='ltr'><strong>aut</strong></span> <span class='ocrx_word' id='word_1_141' title='bbox 1307 1255 1551 1304; x_wconf 70' lang='lat' dir='ltr'><strong>potentialis,</strong></span> <span class='ocrx_word' id='word_1_142' title='bbox 1584 1258 1627 1293; x_wconf 75' lang='lat' dir='ltr'><strong>ut</strong></span> 
     </span>
     <span class='ocr_line' id='line_1_18' title="bbox 304 1319 1627 1370; baseline 0.002 -14"><span class='ocrx_word' id='word_1_143' title='bbox 304 1319 432 1367; x_wconf 76' lang='lat' dir='ltr'><strong>ajunt,</strong></span> <span class='ocrx_word' id='word_1_144' title='bbox 471 1319 702 1367; x_wconf 70' lang='lat' dir='ltr'><strong>siqnificatio</strong></span> <span class='ocrx_word' id='word_1_145' title='bbox 743 1321 917 1368; x_wconf 75' lang='lat' dir='ltr'><strong>subjecta</strong></span> <span class='ocrx_word' id='word_1_146' title='bbox 957 1325 1024 1363; x_wconf 77' lang='lat' dir='ltr'><strong>est,</strong></span> <span class='ocrx_word' id='word_1_147' title='bbox 1058 1322 1114 1359; x_wconf 88' lang='lat' dir='ltr'><strong>ita</strong></span> <span class='ocrx_word' id='word_1_148' title='bbox 1140 1325 1184 1359; x_wconf 94' lang='lat' dir='ltr'><strong>ut</strong></span> <span class='ocrx_word' id='word_1_149' title='bbox 1210 1319 1473 1370; x_wconf 82' lang='lat' dir='ltr'><strong>respondeant</strong></span> <span class='ocrx_word' id='word_1_150' title='bbox 1497 1320 1627 1359; x_wconf 88' lang='lat' dir='ltr'><strong>latinis</strong></span> 
     </span>
     <span class='ocr_line' id='line_1_19' title="bbox 304 1384 1627 1437; baseline 0.002 -14"><span class='ocrx_word' id='word_1_151' title='bbox 304 1384 508 1435; x_wconf 82' lang='lat' dir='ltr'><strong>adjectivis</strong></span> <span class='ocrx_word' id='word_1_152' title='bbox 540 1385 580 1424; x_wconf 90' lang='lat' dir='ltr'><strong>in</strong></span> <span class='ocrx_word' id='word_1_153' title='bbox 621 1386 713 1435; x_wconf 68' lang='lat' dir='ltr'><strong>-Tlis,</strong></span> <span class='ocrx_word' id='word_1_154' title='bbox 755 1386 864 1425; x_wconf 69' lang='lat' dir='ltr'><strong>-bi‘lis</strong></span> <span class='ocrx_word' id='word_1_155' title='bbox 897 1387 1037 1437; x_wconf 89' lang='lat' dir='ltr'><strong>(agilis,</strong></span> <span class='ocrx_word' id='word_1_156' title='bbox 1065 1387 1182 1436; x_wconf 91' lang='lat' dir='ltr'><strong>utilis,</strong></span> <span class='ocrx_word' id='word_1_157' title='bbox 1210 1386 1373 1435; x_wconf 89' lang='lat' dir='ltr'><strong>mobilis,</strong></span> <span class='ocrx_word' id='word_1_158' title='bbox 1401 1386 1627 1436; x_wconf 87' lang='lat' dir='ltr'><strong>credibilis),</strong></span> 
     </span>
    </p>
   </div>
   <div class='ocr_carea' id='block_1_10' title="bbox 305 1449 1715 1516">
    <p class='ocr_par' dir='ltr' id='par_1_11' title="bbox 305 1449 1715 1516">
     <span class='ocr_line' id='line_1_20' title="bbox 305 1449 1715 1516; baseline 0.002 -27"><span class='ocrx_word' id='word_1_159' title='bbox 305 1455 376 1490; x_wconf 79' lang='lat' dir='ltr'><strong>aut</strong></span> <span class='ocrx_word' id='word_1_160' title='bbox 402 1452 461 1514; x_wconf 70' lang='lat' dir='ltr'><strong>vis</strong></span> <span class='ocrx_word' id='word_1_161' title='bbox 486 1452 649 1491; x_wconf 73' lang='lat' dir='ltr'><strong>debendi</strong></span> <span class='ocrx_word' id='word_1_162' title='bbox 674 1453 732 1491; x_wconf 87' lang='lat' dir='ltr'><strong>vel</strong></span> <span class='ocrx_word' id='word_1_163' title='bbox 758 1455 1002 1492; x_wconf 77' lang='lat' dir='ltr'><strong>necessitatis</strong></span> <span class='ocrx_word' id='word_1_164' title='bbox 1028 1454 1171 1498; x_wconf 77' lang='lat' dir='ltr'><strong>subest,</strong></span> <span class='ocrx_word' id='word_1_165' title='bbox 1199 1457 1243 1492; x_wconf 92' lang='lat' dir='ltr'><strong>ut</strong></span> <span class='ocrx_word' id='word_1_166' title='bbox 1268 1453 1390 1492; x_wconf 91' lang='lat' dir='ltr'><strong>latino</strong></span> <span class='ocrx_word' id='word_1_167' title='bbox 1416 1449 1628 1502; x_wconf 73' lang='lat' dir='ltr'><strong>gerundivo</strong></span> <span class='ocrx_word' id='word_1_168' title='bbox 1691 1503 1715 1516; x_wconf 20' lang='grc' dir='ltr'><strong>ᾗ.</strong></span> 
     </span>
    </p>
   </div>
   <div class='ocr_carea' id='block_1_11' title="bbox 304 1517 1633 2162">
    <p class='ocr_par' dir='ltr' id='par_1_12' title="bbox 304 1517 1633 2162">
     <span class='ocr_line' id='line_1_21' title="bbox 304 1517 1629 1570; baseline 0.002 -15"><span class='ocrx_word' id='word_1_169' title='bbox 304 1518 345 1556; x_wconf 87' lang='lat' dir='ltr'><strong>in</strong></span> <span class='ocrx_word' id='word_1_170' title='bbox 385 1517 501 1556; x_wconf 91' lang='lat' dir='ltr'><strong>-ndus</strong></span> <span class='ocrx_word' id='word_1_171' title='bbox 541 1519 819 1568; x_wconf 47' lang='lat' dir='ltr'><strong>respondeant*</strong></span> <span class='ocrx_word' id='word_1_172' title='bbox 870 1520 970 1558; x_wconf 85' lang='lat' dir='ltr'><strong>Haec</strong></span> <span class='ocrx_word' id='word_1_173' title='bbox 1009 1521 1064 1558; x_wconf 90' lang='lat' dir='ltr'><strong>vis</strong></span> <span class='ocrx_word' id='word_1_174' title='bbox 1097 1519 1331 1570; x_wconf 89' lang='lat' dir='ltr'><strong>potentialis,</strong></span> <span class='ocrx_word' id='word_1_175' title='bbox 1359 1518 1537 1567; x_wconf 84' lang='lat' dir='ltr'><strong>debendi,</strong></span> <span class='ocrx_word' id='word_1_176' title='bbox 1565 1533 1629 1557; x_wconf 88' lang='lat' dir='ltr'><strong>ne-</strong></span> 
     </span>
     <span class='ocr_line' id='line_1_22' title="bbox 305 1584 1629 1636; baseline 0.002 -14"><span class='ocrx_word' id='word_1_177' title='bbox 305 1584 497 1623; x_wconf 89' lang='lat' dir='ltr'><strong>cessitatis</strong></span> <span class='ocrx_word' id='word_1_178' title='bbox 523 1597 759 1634; x_wconf 88' lang='lat' dir='ltr'><strong>quamquam</strong></span> <span class='ocrx_word' id='word_1_179' title='bbox 786 1586 826 1624; x_wconf 90' lang='lat' dir='ltr'><strong>in</strong></span> <span class='ocrx_word' id='word_1_180' title='bbox 854 1585 1053 1636; x_wconf 82' lang='lat' dir='ltr'><strong>adjectivis</strong></span> <span class='ocrx_word' id='word_1_181' title='bbox 1080 1585 1300 1625; x_wconf 86' lang='lat' dir='ltr'><strong>verbalibus</strong></span> <span class='ocrx_word' id='word_1_182' title='bbox 1326 1586 1366 1623; x_wconf 90' lang='lat' dir='ltr'><strong>in</strong></span> <span class='ocrx_word' id='word_1_183' title='bbox 1394 1598 1481 1630; x_wconf 81' lang='grc' dir='ltr'>-τος</span> <span class='ocrx_word' id='word_1_184' title='bbox 1506 1585 1629 1624; x_wconf 77' lang='lat' dir='ltr'><strong>multo</strong></span> 
     </span>
     <span class='ocr_line' id='line_1_23' title="bbox 305 1650 1630 1702; baseline 0.001 -14"><span class='ocrx_word' id='word_1_185' title='bbox 305 1650 422 1689; x_wconf 90' lang='lat' dir='ltr'><strong>latius</strong></span> <span class='ocrx_word' id='word_1_186' title='bbox 459 1654 581 1700; x_wconf 87' lang='lat' dir='ltr'><strong>patet,</strong></span> <span class='ocrx_word' id='word_1_187' title='bbox 621 1655 752 1690; x_wconf 89' lang='lat' dir='ltr'><strong>tamen</strong></span> <span class='ocrx_word' id='word_1_188' title='bbox 793 1666 840 1690; x_wconf 87' lang='lat' dir='ltr'><strong>ne</strong></span> <span class='ocrx_word' id='word_1_189' title='bbox 873 1653 923 1691; x_wconf 85' lang='lat' dir='ltr'><strong>ab</strong></span> <span class='ocrx_word' id='word_1_190' title='bbox 955 1653 1002 1691; x_wconf 89' lang='lat' dir='ltr'><strong>iis</strong></span> <span class='ocrx_word' id='word_1_191' title='bbox 1036 1652 1202 1702; x_wconf 83' lang='lat' dir='ltr'><strong>quidem,</strong></span> <span class='ocrx_word' id='word_1_192' title='bbox 1231 1665 1317 1701; x_wconf 85' lang='lat' dir='ltr'><strong>quae</strong></span> <span class='ocrx_word' id='word_1_193' title='bbox 1344 1653 1383 1689; x_wconf 89' lang='lat' dir='ltr'><strong>in</strong></span> <span class='ocrx_word' id='word_1_194' title='bbox 1410 1664 1476 1695; x_wconf 86' lang='grc' dir='ltr'><strong>-ος</strong></span> <span class='ocrx_word' id='word_1_195' title='bbox 1500 1652 1630 1689; x_wconf 87' lang='lat' dir='ltr'><strong>termi-</strong></span> 
     </span>
     <span class='ocr_line' id='line_1_24' title="bbox 306 1716 1630 1767; baseline 0 -13"><span class='ocrx_word' id='word_1_196' title='bbox 306 1719 463 1764; x_wconf 90' lang='lat' dir='ltr'><strong>nantur,</strong></span> <span class='ocrx_word' id='word_1_197' title='bbox 503 1716 621 1766; x_wconf 88' lang='lat' dir='ltr'><strong>plane</strong></span> <span class='ocrx_word' id='word_1_198' title='bbox 662 1718 791 1756; x_wconf 89' lang='lat' dir='ltr'><strong>aliena</strong></span> <span class='ocrx_word' id='word_1_199' title='bbox 831 1719 915 1757; x_wconf 90' lang='lat' dir='ltr'><strong>fuit.</strong></span> <span class='ocrx_word' id='word_1_200' title='bbox 970 1718 1047 1758; x_wconf 88' lang='lat' dir='ltr'><strong>Sed</strong></span> <span class='ocrx_word' id='word_1_201' title='bbox 1080 1732 1105 1757; x_wconf 86' lang='lat' dir='ltr'><strong>a</strong></span> <span class='ocrx_word' id='word_1_202' title='bbox 1135 1717 1275 1767; x_wconf 90' lang='lat' dir='ltr'><strong>quibus</strong></span> <span class='ocrx_word' id='word_1_203' title='bbox 1306 1716 1545 1766; x_wconf 79' lang='lat' dir='ltr'><strong>temporibus</strong></span> <span class='ocrx_word' id='word_1_204' title='bbox 1572 1730 1630 1759; x_wconf 83' lang='lat' dir='ltr'><strong>re·</strong></span> 
     </span>
     <span class='ocr_line' id='line_1_25' title="bbox 305 1781 1629 1833; baseline 0.001 -14"><span class='ocrx_word' id='word_1_205' title='bbox 305 1781 475 1831; x_wconf 86' lang='lat' dir='ltr'><strong>petenda</strong></span> <span class='ocrx_word' id='word_1_206' title='bbox 514 1783 564 1821; x_wconf 90' lang='lat' dir='ltr'><strong>sit</strong></span> <span class='ocrx_word' id='word_1_207' title='bbox 603 1796 650 1821; x_wconf 90' lang='lat' dir='ltr'><strong>ea</strong></span> <span class='ocrx_word' id='word_1_208' title='bbox 690 1784 791 1822; x_wconf 90' lang='lat' dir='ltr'><strong>ratio</strong></span> <span class='ocrx_word' id='word_1_209' title='bbox 832 1783 1024 1833; x_wconf 87' lang='lat' dir='ltr'><strong>adjectiva</strong></span> <span class='ocrx_word' id='word_1_210' title='bbox 1055 1784 1227 1822; x_wconf 86' lang='lat' dir='ltr'><strong>verbalia</strong></span> <span class='ocrx_word' id='word_1_211' title='bbox 1253 1785 1293 1821; x_wconf 91' lang='lat' dir='ltr'><strong>in</strong></span> <span class='ocrx_word' id='word_1_212' title='bbox 1320 1796 1382 1826; x_wconf 85' lang='grc' dir='ltr'><strong>-ος</strong></span> <span class='ocrx_word' id='word_1_213' title='bbox 1408 1781 1629 1830; x_wconf 90' lang='lat' dir='ltr'><strong>adhibendi,</strong></span> 
     </span>
     <span class='ocr_line' id='line_1_26' title="bbox 306 1847 1629 1899; baseline 0 -13"><span class='ocrx_word' id='word_1_214' title='bbox 306 1848 338 1886; x_wconf 88' lang='lat' dir='ltr'><strong>si</strong></span> <span class='ocrx_word' id='word_1_215' title='bbox 365 1848 587 1897; x_wconf 84' lang='lat' dir='ltr'><strong>quaerimus,</strong></span> <span class='ocrx_word' id='word_1_216' title='bbox 615 1848 665 1887; x_wconf 85' lang='lat' dir='ltr'><strong>ab</strong></span> <span class='ocrx_word' id='word_1_217' title='bbox 692 1849 869 1888; x_wconf 90' lang='lat' dir='ltr'><strong>Homero</strong></span> <span class='ocrx_word' id='word_1_218' title='bbox 888 1849 1044 1899; x_wconf 86' lang='lat' dir='ltr'><strong>quidem</strong></span> <span class='ocrx_word' id='word_1_219' title='bbox 1064 1849 1217 1888; x_wconf 88' lang='lat' dir='ltr'><strong>videtur</strong></span> <span class='ocrx_word' id='word_1_220' title='bbox 1235 1849 1351 1899; x_wconf 91' lang='lat' dir='ltr'><strong>plane</strong></span> <span class='ocrx_word' id='word_1_221' title='bbox 1370 1847 1629 1887; x_wconf 82' lang='lat' dir='ltr'><strong>abhorruisse.</strong></span> 
     </span>
     <span class='ocr_line' id='line_1_27' title="bbox 307 1910 1631 1966; baseline -0.002 -11"><span class='ocrx_word' id='word_1_222' title='bbox 307 1915 425 1955; x_wconf 82' lang='lat' dir='ltr'><strong>Certe</strong></span> <span class='ocrx_word' id='word_1_223' title='bbox 465 1915 574 1954; x_wconf 92' lang='lat' dir='ltr'><strong>nulla</strong></span> <span class='ocrx_word' id='word_1_224' title='bbox 614 1916 719 1966; x_wconf 90' lang='lat' dir='ltr'><strong>apud</strong></span> <span class='ocrx_word' id='word_1_225' title='bbox 759 1929 847 1955; x_wconf 92' lang='lat' dir='ltr'><strong>eum</strong></span> <span class='ocrx_word' id='word_1_226' title='bbox 887 1921 979 1955; x_wconf 90' lang='lat' dir='ltr'><strong>sunt</strong></span> <span class='ocrx_word' id='word_1_227' title='bbox 1017 1916 1195 1966; x_wconf 89' lang='lat' dir='ltr'><strong>exempla</strong></span> <span class='ocrx_word' id='word_1_228' title='bbox 1233 1915 1459 1964; x_wconf 87' lang='lat' dir='ltr'><strong>incipientia</strong></span> <span class='ocrx_word' id='word_1_229' title='bbox 1498 1914 1547 1953; x_wconf 89' lang='lat' dir='ltr'><strong>ab</strong></span> <span class='ocrx_word' id='word_1_230' title='bbox 1584 1910 1631 1952; x_wconf 82' lang='grc' dir='ltr'><strong>ἅ-</strong></span> 
     </span>
     <span class='ocr_line' id='line_1_28' title="bbox 306 1978 1633 2032; baseline -0.002 -13"><span class='ocrx_word' id='word_1_231' title='bbox 306 1981 551 2031; x_wconf 84' lang='lat' dir='ltr'><strong>privativum,</strong></span> <span class='ocrx_word' id='word_1_232' title='bbox 580 1981 678 2028; x_wconf 71' lang='grc' dir='ltr'><strong>ὄι.»ς-,</strong></span> <span class='ocrx_word' id='word_1_233' title='bbox 707 1978 779 2028; x_wconf 53' lang='lat' dir='ltr'>effi,</span> <span class='ocrx_word' id='word_1_234' title='bbox 808 1995 894 2031; x_wconf 88' lang='lat' dir='ltr'><strong>quae</strong></span> <span class='ocrx_word' id='word_1_235' title='bbox 912 1982 1116 2032; x_wconf 83' lang='lat' dir='ltr'><strong>particulae</strong></span> <span class='ocrx_word' id='word_1_236' title='bbox 1135 1983 1174 2019; x_wconf 93' lang='lat' dir='ltr'><strong>in</strong></span> <span class='ocrx_word' id='word_1_237' title='bbox 1193 1980 1394 2030; x_wconf 85' lang='lat' dir='ltr'><strong>adjectivis</strong></span> <span class='ocrx_word' id='word_1_238' title='bbox 1412 1979 1633 2018; x_wconf 81' lang='lat' dir='ltr'><strong>verbalibus</strong></span> 
     </span>
     <span class='ocr_line' id='line_1_29' title="bbox 307 2046 1631 2097; baseline -0.002 -12"><span class='ocrx_word' id='word_1_239' title='bbox 307 2047 411 2085; x_wconf 89' lang='lat' dir='ltr'><strong>illius</strong></span> <span class='ocrx_word' id='word_1_240' title='bbox 455 2047 746 2096; x_wconf 86' lang='lat' dir='ltr'><strong>significationis</strong></span> <span class='ocrx_word' id='word_1_241' title='bbox 799 2049 1007 2097; x_wconf 87' lang='lat' dir='ltr'><strong>saepissime</strong></span> <span class='ocrx_word' id='word_1_242' title='bbox 1051 2049 1194 2086; x_wconf 85' lang='lat' dir='ltr'><strong>insunt.</strong></span> <span class='ocrx_word' id='word_1_243' title='bbox 1259 2047 1395 2095; x_wconf 92' lang='lat' dir='ltr'><strong>Atque</strong></span> <span class='ocrx_word' id='word_1_244' title='bbox 1439 2050 1483 2083; x_wconf 88' lang='lat' dir='ltr'><strong>ut</strong></span> <span class='ocrx_word' id='word_1_245' title='bbox 1526 2046 1631 2096; x_wconf 88' lang='lat' dir='ltr'><strong>apud</strong></span> 
     </span>
     <span class='ocr_line' id='line_1_30' title="bbox 306 2110 1633 2162; baseline -0.001 -12"><span class='ocrx_word' id='word_1_246' title='bbox 306 2112 524 2151; x_wconf 89' lang='lat' dir='ltr'><strong>Pindarum</strong></span> <span class='ocrx_word' id='word_1_247' title='bbox 565 2114 659 2152; x_wconf 90' lang='lat' dir='ltr'><strong>satis</strong></span> <span class='ocrx_word' id='word_1_248' title='bbox 699 2116 865 2162; x_wconf 86' lang='lat' dir='ltr'><strong>angusta</strong></span> <span class='ocrx_word' id='word_1_249' title='bbox 905 2117 964 2152; x_wconf 86' lang='lat' dir='ltr'><strong>est</strong></span> <span class='ocrx_word' id='word_1_250' title='bbox 1002 2113 1086 2152; x_wconf 86' lang='lat' dir='ltr'><strong>haec</strong></span> <span class='ocrx_word' id='word_1_251' title='bbox 1113 2113 1215 2151; x_wconf 92' lang='lat' dir='ltr'><strong>ratio</strong></span> <span class='ocrx_word' id='word_1_252' title='bbox 1241 2111 1434 2161; x_wconf 89' lang='lat' dir='ltr'><strong>adjectiva</strong></span> <span class='ocrx_word' id='word_1_253' title='bbox 1460 2110 1633 2150; x_wconf 86' lang='lat' dir='ltr'><strong>verbalia</strong></span> 
     </span>
    </p>
   </div>
   <div class='ocr_carea' id='block_1_12' title="bbox 307 2177 1673 2233">
    <p class='ocr_par' dir='ltr' id='par_1_13' title="bbox 307 2177 1673 2233">
     <span class='ocr_line' id='line_1_31' title="bbox 307 2177 1673 2233; baseline -0.001 -16"><span class='ocrx_word' id='word_1_254' title='bbox 307 2180 348 2217; x_wconf 90' lang='lat' dir='ltr'><strong>in</strong></span> <span class='ocrx_word' id='word_1_255' title='bbox 387 2192 453 2223; x_wconf 84' lang='grc' dir='ltr'><strong>-ος</strong></span> <span class='ocrx_word' id='word_1_256' title='bbox 491 2179 674 2228; x_wconf 91' lang='lat' dir='ltr'><strong>ponendi,</strong></span> <span class='ocrx_word' id='word_1_257' title='bbox 715 2180 770 2218; x_wconf 87' lang='lat' dir='ltr'><strong>ita</strong></span> <span class='ocrx_word' id='word_1_258' title='bbox 810 2193 858 2218; x_wconf 89' lang='lat' dir='ltr'><strong>ne</strong></span> <span class='ocrx_word' id='word_1_259' title='bbox 897 2179 1002 2229; x_wconf 90' lang='lat' dir='ltr'><strong>apud</strong></span> <span class='ocrx_word' id='word_1_260' title='bbox 1043 2182 1194 2217; x_wconf 90' lang='lat' dir='ltr'><strong>ceteros</strong></span> <span class='ocrx_word' id='word_1_261' title='bbox 1232 2177 1389 2226; x_wconf 89' lang='lat' dir='ltr'><strong>quidem</strong></span> <span class='ocrx_word' id='word_1_262' title='bbox 1421 2178 1632 2233; x_wconf 73' lang='lat' dir='ltr'><strong>scriptores</strong></span> <span class='ocrx_word' id='word_1_263' title='bbox 1668 2226 1673 2231; x_wconf 14' lang='lat' dir='ltr'>X</span> 
     </span>
    </p>
   </div>
   <div class='ocr_carea' id='block_1_13' title="bbox 307 2240 1632 2363">
    <p class='ocr_par' dir='ltr' id='par_1_14' title="bbox 307 2240 1632 2363">
     <span class='ocr_line' id='line_1_32' title="bbox 307 2240 1632 2295; baseline -0.002 -12"><span class='ocrx_word' id='word_1_264' title='bbox 307 2256 456 2294; x_wconf 87' lang='lat' dir='ltr'><strong>graecos</strong></span> <span class='ocrx_word' id='word_1_265' title='bbox 489 2244 567 2283; x_wconf 85' lang='lat' dir='ltr'><strong>late</strong></span> <span class='ocrx_word' id='word_1_266' title='bbox 607 2240 759 2284; x_wconf 84' lang='lat' dir='ltr'><strong>videtur</strong></span> <span class='ocrx_word' id='word_1_267' title='bbox 787 2245 970 2295; x_wconf 90' lang='lat' dir='ltr'><strong>patuisse.</strong></span> <span class='ocrx_word' id='word_1_268' title='bbox 1025 2244 1174 2284; x_wconf 84' lang='lat' dir='ltr'><strong>Contra</strong></span> <span class='ocrx_word' id='word_1_269' title='bbox 1200 2242 1421 2294; x_wconf 83' lang='lat' dir='ltr'><strong>Aeschylus</strong></span> <span class='ocrx_word' id='word_1_270' title='bbox 1447 2255 1525 2282; x_wconf 93' lang='lat' dir='ltr'><strong>non</strong></span> <span class='ocrx_word' id='word_1_271' title='bbox 1551 2246 1632 2282; x_wconf 85' lang='lat' dir='ltr'><strong>tam</strong></span> 
     </span>
     <span class='ocr_line' id='line_1_33' title="bbox 308 2311 585 2363; baseline -0.004 -11"><span class='ocrx_word' id='word_1_272' title='bbox 308 2324 436 2363; x_wconf 85' lang='lat' dir='ltr'><strong>pauca</strong></span> <span class='ocrx_word' id='word_1_273' title='bbox 461 2311 585 2351; x_wconf 83' lang='lat' dir='ltr'><strong>finxit.</strong></span> 
     </span>
    </p>
   </div>
   <div class='ocr_carea' id='block_1_14' title="bbox 392 2443 1161 2539">
    <p class='ocr_par' dir='ltr' id='par_1_15' title="bbox 392 2443 1161 2539">
     <span class='ocr_line' id='line_1_34' title="bbox 392 2443 1161 2488; baseline -0.007 -10"><span class='ocrx_word' id='word_1_274' title='bbox 392 2479 398 2488; x_wconf 61' lang='grc'><strong>,</strong></span> <span class='ocrx_word' id='word_1_275' title='bbox 411 2446 437 2486; x_wconf 92' lang='lat'><strong>¹)</strong></span> <span class='ocrx_word' id='word_1_276' title='bbox 459 2444 516 2477; x_wconf 86' lang='lat' dir='ltr'><strong>Cfr</strong></span> <span class='ocrx_word' id='word_1_277' title='bbox 536 2454 590 2486; x_wconf 79' lang='lat' dir='ltr'><strong>ag.</strong></span> <span class='ocrx_word' id='word_1_278' title='bbox 615 2445 670 2476; x_wconf 81' lang='lat'><strong>17:</strong></span> <span class='ocrx_word' id='word_1_279' title='bbox 693 2445 889 2484; x_wconf 46' lang='lat' dir='ltr'><strong>‹ivs-finolam</strong></span> <span class='ocrx_word' id='word_1_280' title='bbox 910 2444 1057 2483; x_wconf 66' lang='grc' dir='ltr'>ἐνιέμνιιηι</span> <span class='ocrx_word' id='word_1_281' title='bbox 1079 2443 1161 2477; x_wconf 79' lang='grc' dir='ltr'>οἶκος.</span> 
     </span>
     <span class='ocr_line' id='line_1_35' title="bbox 411 2495 755 2539; baseline -0.006 0"><span class='ocrx_word' id='word_1_282' title='bbox 411 2496 439 2539; x_wconf 90' lang='lat'><strong>²&gt;</strong></span> <span class='ocrx_word' id='word_1_283' title='bbox 461 2495 488 2528; x_wconf 93' lang='lat'><strong>1.</strong></span> <span class='ocrx_word' id='word_1_284' title='bbox 512 2505 543 2538; x_wconf 79' lang='lat'><strong>&lt;1-</strong></span> <span class='ocrx_word' id='word_1_285' title='bbox 566 2496 755 2537; x_wconf 66' lang='grc' dir='ltr'><strong>πρόσφορος-</strong></span> 
     </span>
    </p>
   </div>
  </div>
 </body>
</html>
