1835 2968
947 197 1021 234 106

315 307 375 345 ag.
404 297 491 346 939,
533 292 757 346 ἐπίφθονος
795 295 845 336 al.
873 309 933 346 ag.
961 299 1033 336 921
1067 292 1238 347 (πόρον),
1272 293 1468 349 ἐπίφοβος
1497 300 1552 349 pt„
1580 310 1640 347 ag.

315 364 426 410 1152,
455 358 636 409 ἐπίχαρις
662 361 712 400 al.
740 366 838 412 sept.
867 365 941 400 910
968 359 1068 412 (οὐδ’
1097 360 1176 406 ἐ-ις
1200 359 1341 413 Ἄρης),
1369 359 1553 408 ἔποικτος
1578 376 1640 412 ag.

314 429 414 466 1614
440 424 606 478 (φόνον),
635 423 821 478 ἐφίμερος
846 427 884 467 h.
913 428 974 468 ch.
1002 430 1077 468 840
1104 424 1268 480 (φάτιν).

415 520 453 559 d.
508 518 611 558 Pars
643 521 841 568 posterior
880 520 1074 569 siqnificat
1113 520 1244 570 solem,
1273 520 1442 570 fulmen,
1476 526 1639 566 ventum,

310 586 498 632 umbram,
528 589 674 625 aestum.

413 656 493 695 Ae:
535 654 837 706 χαλκοκέραινος
863 657 910 696 fr.
941 660 1024 707 192,
1047 669 1066 700 3
1089 656 1236 709 (λίμνην
1262 669 1359 696 oereo
1382 656 1549 706 fulmine
1567 672 1637 708 pe·

311 725 436 772 titum,
467 722 551 773 D.),
592 717 721 767 ι’ίειλος
752 723 799 762 fr.
827 726 914 772 419,
957 719 1167 772 ἅκέραυνος
1204 723 1252 763 fr.
1296 727 1341 762 15
1381 722 1638 775 (Καπανεύς),

309 785 464 841 ἅνήλιος
489 788 539 828 al.
566 801 626 838 pr.
653 791 729 827 453
757 790 939 839 (μυχοῖς),
968 786 1145 840 δυσήλιος
1161 789 1211 829 al.
1230 803 1330 829 eum.
1352 793 1425 828 396
1444 790 1636 842 (κνέφας),

309 851 558 903 δυσχείμερος
584 855 622 894 h.
649 868 708 906 pr.
739 858 785 894 15
812 852 1029 906 (φάραγγι),
1073 857 1145 893 746
1177 853 1396 907 (πέλαγος),
1429 852 1638 902 κατάσκιος

308 921 345 960 h.
375 933 434 969 ag.
461 923 537 959 493
564 918 723 971 (κήρυκα
750 934 838 958 κ-ον
864 917 1050 971 κλάδοις),
1077 934 1160 971 sup.
1189 923 1261 960 345
1289 919 1454 973 (ἕδρας),
1480 920 1637 973 νήνεμος

308 987 346 1027 h.
373 1000 434 1036 ag.
463 989 537 1026 566
565 984 765 1038 (κοίταις),
792 1000 852 1035 ag.
883 988 955 1025 740
982 983 1193 1038 (γαλάνας),
1219 984 1464 1037 παλίρροθος
1481 1000 1541 1037 ag.
1564 991 1631 1027 191

308 1054 442 1103 (π-οις
470 1051 509 1089 ἕν
534 1048 711 1097 Αὐλίδος
737 1049 909 1103 τόποις).

411 1158 444 1183 e.
498 1144 602 1183 Pars
622 1145 817 1193 posterior
842 1145 1036 1193 siqnifi'cat
1067 1149 1138 1183 aut
1163 1158 1239 1194 per
1265 1158 1307 1184 se
1333 1146 1420 1194 ipsa
1446 1148 1634 1186 actionem

307 1214 379 1249 aut
407 1210 458 1259 id,
485 1221 560 1259 quo
586 1210 684 1259 quid
705 1211 868 1258 qeritur‚
895 1211 953 1248 ita
980 1210 1130 1259 quidem
1159 1214 1204 1248 ut
1229 1211 1271 1248 id
1293 1223 1439 1255 nomen,
1464 1212 1517 1250 ad
1533 1214 1635 1262 quod

307 1277 558 1325 compositum
583 1275 765 1322 refertur,
792 1275 980 1324 siqnifi'cet
1006 1276 1057 1325 id,
1085 1276 1138 1315 ad
1163 1277 1265 1326 quod
1289 1278 1391 1316 actio
1417 1278 1631 1318 adhibetur.

308 1343 386 1381 Sed
416 1342 470 1380 ad
500 1342 668 1380 suethice
695 1342 1028 1389 interpretandum
1049 1342 1277 1391 plerumque
1302 1355 1399 1391 opus
1425 1347 1483 1382 est
1509 1345 1633 1382 verbis

305 1408 432 1457 mayis
470 1406 638 1453 definitis
677 1418 793 1456 quam
834 1406 933 1445 talia
972 1406 1110 1456 qualia
1141 1410 1234 1446 sunt
1264 1408 1428 1457 ”trdffas
1453 1408 1510 1456 af,
1535 1422 1631 1448 vara

300 1473 470 1521 forema’l
504 1472 603 1520 f6r”.
656 1472 773 1511 Prior
811 1485 903 1522 pars
943 1485 1045 1523 saepe
1085 1477 1144 1512 est
1183 1488 1229 1511 α-
1261 1475 1504 1524 privativum,
1533 1474 1628 1522 δυς-,

304 1535 376 1587 effi,
403 1540 460 1579 ita
487 1542 530 1579 ut
555 1539 811 1589 compositum
838 1539 1089 1588 potentialem
1115 1540 1191 1579 vim
1219 1553 1296 1579 non
1332 1553 1424 1580 raro
1463 1541 1631 1592 accipiat

303 1603 440 1645 eodem
466 1606 548 1645 fere
575 1605 702 1653 modo,
731 1617 808 1655 quo
836 1604 1028 1655 adjectiva
1047 1605 1219 1645 verbalia
1239 1607 1317 1657 (cfr
1336 1620 1423 1657 pag.
1444 1610 1493 1646 50
1512 1608 1627 1658 sqq.).

405 1677 486 1715 Ae:
528 1672 728 1723 ἀπόλεμος
766 1676 816 1714 al.
858 1688 918 1723 ag.
964 1680 1035 1714 769
1068 1675 1280 1724 (δαιίιονα),
1313 1674 1465 1725 ἷίμαχος
1490 1679 1540 1717 al.
1568 1692 1628 1727 ag.

305 1745 376 1781 769
418 1738 619 1789 (δαίμονα)
659 1744 736 1779 mot
775 1741 834 1778 hv.
863 1741 960 1790 kriy,
988 1742 1091 1780 strid
1117 1741 1153 1790 ej
1179 1742 1255 1781 kan
1272 1742 1405 1792 foras,
1433 1741 1630 1794 δυσπαλής

302 1811 357 1858 pt.
398 1820 498 1846 eum.
540 1809 613 1845 559
653 1805 774 1857 (δίνᾳ)
814 1807 904 1845 ευᾶν
942 1810 1004 1845 att
1037 1807 1179 1855 kdmpa
1204 1812 1293 1854 mot,
1321 1804 1550 1860 ἀμφινεικής
1576 1809 1627 1848 al.

301 1886 362 1921 ag.
404 1876 477 1911 686
518 1868 714 1917 (Ἑλέναν),
755 1867 907 1919 ἄπορος
946 1871 995 1910 al.
1036 1885 1096 1921 pr.
1137 1875 1212 1911 904
1250 1869 1402 1921 (ἄπορα
1430 1870 1627 1924 πόριμος),

301 1934 497 1989 ἀμήχανος
535 1937 573 1975 h.
615 1949 714 1975 eum.
757 1939 827 1974 561
871 1933 1013 1982 (δύαις)
1044 1941 1123 1976 mot
1149 1938 1207 1976 hv.
1235 1939 1347 1987 inyen
1374 1942 1503 1988 utviiy,
1532 1941 1628 1979 intet

301 2003 422 2042 medel
436 2003 579 2051 finnes,
598 2002 792 2050 ohjelqu,
813 2002 966 2050 obotliy.
987 2000 1240 2050 δυσπάλαμος
1258 2017 1357 2042 eum.
1378 2005 1453 2042 880
1471 2002 1627 2052 (δόλοι),

300 2065 483 2120 δυσχερής
520 2068 570 2107 al.
612 2080 670 2118 pr.
712 2070 786 2106 802
826 2065 1034 2116 (θεωρίαν)
1071 2068 1394 2119 svdrhandterltq,
1434 2083 1518 2121 sup.
1552 2074 1626 2110 568

298 2125 607 2183 (μιξόμβροτον),
648 2130 812 2184 εὖμαρής
830 2135 863 2183 ¹)
903 2134 952 2172 al.
993 2147 1052 2183 ag.
1098 2138 1194 2174 1326
1226 2134 1501 2185 (χειρώματος)
1534 2138 1625 2176 lott-

298 2200 532 2249 handterliq,
572 2196 815 2250 ἆμφισωπός
855 2199 901 2238 fr.
944 2203 991 2238 35
1026 2201 1082 2248 μᾶ
1122 2201 1179 2239 hv.
1213 2214 1304 2240 man
1337 2202 1414 2241 kan
1441 2215 1482 2241 se
1507 2204 1626 2242 ruudt

298 2267 473 2315 omkrtny
490 2268 535 2316 ²),
565 2262 714 2316 εὐτελής
739 2266 788 2305 al.
817 2270 914 2315 sept.
940 2269 1012 2304 491
1039 2265 1106 2312 fo'r
1132 2268 1189 2304 Ιιυ.
1214 2269 1338 2316 priset
1367 2268 1443 2306 loitt
1467 2269 1624 2316 betales,

298 2329 551 2382 πολύγομφος
577 2332 615 2370 h.
642 2345 743 2381 pers.
774 2335 816 2370 71
848 2329 1027 2379 (ὅδισμα)
1053 2333 1140 2370 med
1164 2334 1308 2380 naalar
1333 2333 1537 2382 hopfoyad.

401 2435 428 2470 ¹)
450 2432 506 2464 Cfr
530 2432 627 2464 Grdz.
652 2433 722 2465 329.

399 2484 428 2521 ²)
451 2483 605 2514 Fortasse
627 2484 693 2523 adj.
720 2484 806 2515 verb.
828 2484 879 2515 cfr
901 2485 1068 2525 οίπερωπός
1088 2495 1122 2525 p.
1146 2485 1195 2516 39.
