1835 2968
940 245 943 249 ⁴
978 199 1031 240 m

444 315 478 343 c.
531 301 657 342 Prior
665 314 768 352 pars
792 302 1025 342 adverbium.

422 393 524 434 'Aez
565 390 741 445 ἃγκρισις
779 393 830 433 al.
869 407 968 434 eum.
1010 397 1096 443 362,
1135 390 1348 440 ἀνάστασις
1385 395 1425 434 al
1462 407 1561 434 eum.
1589 396 1664 434 648

342 457 580 513 (θανόντος),
618 473 721 511 pers.
762 463 848 500 106·
868 457 1068 512 (πόλεων),
1108 473 1167 510 ag.
1196 462 1269 500 589
1296 456 1448 513 (Ἰλίου),
1474 457 1665 510 ἀτίμωσις

342 540 403 576 ag.
439 530 524 576 701,
557 527 618 566 011.
651 529 740 576 435,
780 524 970 577 διαίρεσις
995 526 1045 566 al.
1072 539 1172 565 eum.
1203 529 1288 576 749,
1328 523 1489 575 ἔκβασις
1513 528 1551 566 11.
1578 540 1663 578 sup.

345 596 430 642 771,
457 588 608 638 ἔκλυσις
634 592 683 632 al.
711 606 771 644 pr.
800 595 885 641 262,
913 588 1093 645 ἔκπληξις
1117 592 1167 632 al.
1192 605 1294 643 pers.
1314 595 1401 642 606,
1428 588 1588 646 ἔκφυσις
1613 592 1664 633 al.

343 660 391 699 fr.
420 661 507 709 248,
548 655 714 708 ἔκβασις
738 659 790 699 al.
816 672 877 708 ag.
904 661 991 709 945,
1024 655 1186 706 ἔπαλξις
1210 659 1248 698 11.
1266 662 1373 710 sept.
1402 661 1462 708 30,
1490 656 1666 706 ἒπίλυσις

343 730 400 778 pt.
419 729 516 776 sept.
539 727 624 775 134,
651 722 836 777 εὔπραξις
861 739 920 775 ag.
941 717 1034 775 255,
1054 722 1209 778 ἔφαψις
1233 739 1317 776 sup.
1338 727 1401 772 46,
1428 722 1667 771 κατάστασις

345 793 395 833 al.
422 805 483 841 ag.
511 795 572 840 23,
612 789 842 842 παραίνεσις
867 793 917 831 al.
944 805 1044 831 eum.
1074 795 1158 840 707,
1199 788 1441 842 παράρρυσις
1466 805 1550 842 sup.
1580 795 1665 841 715,

344 854 511 910 πάρηξις
548 870 608 907 ag.
650 859 737 907 556,
778 854 1058 908 προσάμβασις
1096 857 1145 897 al.
1180 860 1277 908 sept.
1304 859 1379 896 466
1396 857 1444 908 ¹),
1484 854 1667 903 σύνθεσις

345 925 395 965 al.
436 938 496 975 pr.
534 926 622 974 460,
664 921 826 973 συνωρίς
865 925 968 974 (gen.
996 922 1120 975 4609)
1160 924 1209 964 al.
1249 937 1308 973 ag.
1349 926 1435 973 643,
1474 920 1667 969 ὗπόδοσις

344 1003 444 1030 eum.
473 993 560 1040 505,
586 986 798 1037 ὑπόσχεσις
823 990 860 1029 11.
889 1003 972 1040 sup.
1002 984 1087 1029 368.

446 1067 499 1107 P:
525 1062 745 1111 ἀνάπαυσις
763 1066 812 1106 al.
833 1080 933 1107 nem.
953 1066 1043 1116 VII,
1064 1069 1124 1116 52,
1149 1062 1351 1112 ἀνάπωτις
1367 1067 1416 1107 al.
1437 1067 1486 1117 ol,
1506 1067 1584 1118 IX,
1605 1070 1666 1117 56,

346 1131 527 1177 ἑπίλασις
552 1136 632 1182 pyt.
660 1132 690 1181 Ι,
717 1135 780 1181 46,
813 1130 1019 1184 πάρφασις
1044 1134 1082 1171 11.
1110 1145 1209 1171 nem.
1237 1133 1349 1181 VIII,
1377 1136 1437 1181 32,
1465 1130 1668 1184 πρόσοψις

346 1199 396 1238 al.
424 1202 504 1250 pyt.
533 1198 603 1248 IV,
632 1201 693 1248 29,
734 1195 937 1250 πρόφασις
962 1199 1000 1238 11.
1028 1203 1106 1250 pyt.
1135 1199 1205 1249 IV,
1234 1202 1294 1249 32,
1328 1196 1476 1244 σύνεσις
1500 1200 1539 1239 11.
1567 1213 1666 1239 110111.

346 1264 437 1312 VII,
466 1267 527 1312 60,
568 1261 751 1308 σύνθεσις
782 1264 832 1303 al.
860 1268 940 1314 pyt.
969 1264 1039 1312 IV,
1071 1268 1154 1312 168,
1194 1261 1399 1313 ὑπόκρισις
1425 1265 1475 1303 al.
1503 1265 1551 1303 fr.
1580 1267 1666 1313 259,

345 1325 546 1380 ὑπόφατις
570 1332 650 1380 pyt.
678 1328 729 1378 ΙΙ,
759 1331 806 1368 76
823 1329 868 1380 ²).

449 1405 581 1444 Multa
619 1418 753 1444 eorum
787 1419 873 1455 quae
906 1418 1026 1456 supra
1058 1407 1280 1445 enumeravi
1319 1406 1591 1445 femininorum
1629 1407 1669 1444 in

345 1485 401 1517 -ις
440 1485 488 1510 ex
527 1471 613 1510 aliis
646 1472 867 1521 compositis
898 1472 1084 1521 originem
1112 1484 1220 1510 suam
1247 1471 1406 1521 ducunt,
1434 1471 1538 1522 quod
1565 1475 1605 1511 et
1629 1472 1670 1511 in

344 1539 392 1578 iis
417 1539 666 1589 perspicuum
692 1541 762 1586 est,
797 1551 963 1587 quorum
989 1539 1182 1588 posterior
1207 1551 1301 1588 pars
1326 1543 1396 1577 aut
1420 1539 1536 1588 plane
1562 1538 1671 1577 1111113,

345 1608 405 1642 est
442 1599 664 1654 (ἀτίμωσις,
708 1599 920 1650 ἀνάπωτις,
965 1600 1157 1649 ε’πίλασις,
1202 1601 1368 1654 σύνεσις)
1407 1607 1477 1642 aut
1518 1606 1670 1642 tantum

345 1668 452 1720 apud
489 1669 725 1720 posteriores
763 1669 972 1719 scriptores
1011 1669 1205 1708 invenitur
1245 1665 1457 1720 (ἔκπληξις,
1498 1666 1670 1717 ἔπαλξις,

346 1731 585 1782 παραίνεσις,
614 1731 788 1786 πάρηξις,
815 1730 1053 1785 ἀνάπαυσις)
1079 1738 1120 1773 et
1144 1735 1184 1772 in
1210 1736 1268 1783 iis,
1295 1748 1459 1785 quorum
1477 1735 1671 1785 posterior

345 1813 438 1851 pars
477 1813 715 1850 quamquam
753 1813 826 1849 per
863 1813 904 1839 se
943 1801 1027 1849 ipsa
1066 1804 1141 1848 est,
1181 1804 1328 1848 tamen,
1375 1802 1557 1850 quoniam
1600 1814 1671 1850 per

346 1865 665 1914 significationem
715 1865 765 1905 ab
814 1866 881 1905 illo
932 1865 1119 1904 vocabulo
1170 1865 1258 1904 duci
1302 1879 1380 1905 non
1423 1869 1601 1916 possunt,
1647 1878 1672 1905 a

346 1930 465 1970 verbo
504 1931 763 1980 respondente
854 1931 1017 1971 rivanda
1056 1935 1147 1971 sunt
1171 1928 1444 1981 (παράρρυσις,
1471 1928 1671 1978 ὑπόδοσις,

346 1992 587 2046 ὑπόσχεσις).
839 1979 936 2056 KQ*

450 2072 681 2122 Significant
718 2074 873 2124 qu'dem
915 2074 1089 2113 feminini
1121 2075 1273 2123 generis
1305 2075 1605 2124 compositorum
1631 2075 1671 2113 in

348 2153 406 2184 -ις
444 2140 566 2178 multo
605 2140 721 2189 plura
758 2130 963 2188 aot'onem,
1004 2153 1237 2189 quamquam
1277 2153 1355 2179 non
1394 2139 1546 2188 desunt,
1585 2152 1671 2189 quae

348 2218 431 2244 rem
458 2205 676 2254 significent
701 2202 891 2255 (ε”κφι-σις,
925 2202 1100 2254 ἔκβασις,
1133 2202 1423 2255 προσάμβασις,
1457 2201 1670 2256 πρόσοψις,

349 2284 516 2322 (1110111111
541 2272 732 2322 simplicia
758 2284 912 2321 quoque
939 2276 1173 2320 concretam,
1201 2275 1245 2324 ut
1262 2271 1384 2321 ajunt,
1403 2272 1479 2310 vim
1496 2271 1671 2321 habent).

454 2445 482 2481 ¹)
502 2441 583 2474 Cod.
606 2443 684 2483 πρὸς
704 2444 868 2482 α’μβιίσιις.

453 2493 482 2533 ²)
502 2492 586 2527 Alii:
608 2491 794 2535 ὖπόφαυτις.
