1835 2968
786 217 858 253 125

264 315 301 353 2.
360 313 494 363 Stirpi
545 315 800 364 posterioris
846 315 984 365 partis
1028 315 1233 355 suffixum
1281 330 1318 353 ιο
1363 314 1478 354 addi-

163 381 256 420 tum
296 381 376 420 est.

265 470 346 510 Ae:
375 467 595 522 ἄποφύλιος
620 472 667 511 fr.
697 474 782 520 375,
810 468 992 521 ἐγχώριος
1017 473 1066 512 31.
1094 477 1191 523 sept.
1214 476 1272 522 14,
1293 470 1480 518 ὲκπάτιος

162 551 222 588 ag.
251 540 300 577 50
327 533 507 588 (ἄλγεσι),
541 534 726 589 ἐμφύλιος
757 537 807 578 31.
834 550 932 577 eum.
960 541 1033 578 863
1066 534 1206 591 (Ἄρη),
1239 536 1403 585 ἑνοίκιος
1427 539 1478 579 31.

164 617 263 644 eum.
291 606 377 652 866,
406 601 582 648 ἕνίπνιος
607 603 644 642 11.
671 607 768 654 sept.
799 607 883 653 710,
911 601 1077 649 ἑνώπιος
1094 605 1132 643 11.
1151 619 1235 656 sup.
1257 608 1329 645 146
1348 603 1479 656 (ε’-ια),

163 667 321 708 ἐνώτιον
346 669 394 709 31.
423 669 471 708 fr.
502 672 585 719 101,
613 666 802 714 ἑπινίκιος
827 669 877 709 31.
904 682 964 719 ag.
986 673 1059 710 174
1077 669 1178 717 (ἑ-ια
1196 669 1370 721 κλάζων),
1389 669 1480 710 ἑπι-

162 733 323 785 τύμβιος
360 735 410 775 31.
450 748 510 785 ag.
553 737 648 775 1547
683 729 835 785 (αἶνος),
862 735 922 774 ch.
951 738 1023 775 335
1056 739 1242 788 (θρῆνος),
1270 735 1480 788 ἐπιχώριος

162 802 212 842 31.
239 815 323 852 sup.
351 804 437 842 800.
466 805 551 851 661,
580 799 789 854 ἐφημέριός
814 802 852 840 11.
879 815 939 852 pr.
959 805 1045 852 546,
1063 801 1293 852 μεταίχμιος
1310 805 1359 843 31.
1380 808 1478 854 sept.

165 871 236 908 197
268 864 376 919 (ἀνὴρ
403 865 488 920 γυνή
515 881 557 905 τε
583 864 640 915 χῶ
664 881 701 905 τι
720 869 797 905 τῶν
813 870 948 916 ,ιι-ιον),
973 868 1033 908 (111.
1055 872 1102 907 63
1121 866 1181 914 (ἑν
1196 867 1294 920 ,te-icy
1313 866 1479 916 σκότου),

163 930 380 984 παράκτιος
419 934 457 974 11.
496 948 556 986 pr.
597 938 670 975 836
703 934 787 986 (τὴν
818 932 935 972 ,av-lav
960 933 1170 985 κέλευθον),
1198 933 1480 985 πεδαίχμιος“)

162 1001 222 1040 ch.
264 1001 337 1039 589
369 998 617 1049 (λαμπάδες),
645 997 814 1051 προναία
840 1001 890 1039 31.
918 1014 1017 1040 eum.
1047 1005 1092 1040 21
1122 1000 1326 1049 (Παλλάς),
1353 1015 1477 1051 προσ-

163 1062 261 1117 ῳόιά
288 1066 337 1105 31.
365 1066 413 1105 fr.
442 1069 527 1110 339,
555 1063 780 1115 ὑποχείριος
806 1066 843 1105 11.
872 1079 955 1116 sup.
985 1070 1069 1106 392.

264 1131 314 1171 P:
356 1128 544 1181 ἑγκώμιος
574 1132 623 1171 31.
657 1131 706 1171 01.
740 1131 820 1181 ΧΙ,
848 1135 897 1171 80
924 1129 1116 1181 (τρόπον),
1144 1133 1274 1183 XIII,
1303 1136 1351 1173 28
1378 1141 1480 1178 (στε-

162 1195 295 1250 φάνων
322 1195 403 1234 ἐ-ον
428 1195 602 1246 τεθμόν),
630 1211 729 1237 nem.
758 1198 792 1247 I,
822 1201 842 1236 7
869 1196 1031 1248 (μέλος),
1059 1199 1108 1238 01.
1137 1199 1195 1248 II,
1224 1202 1273 1238 52
1291 1197 1480 1248 (μελέων),

162 1268 241 1316 pyt.
282 1264 339 1313 Χ,
378 1266 426 1303 53
466 1261 635 1313 (ὓμνων),
670 1262 854 1315 ἒγχώριος
880 1261 929 1303 31.
958 1265 1007 1304 01.
1036 1265 1085 1314 V,
1116 1269 1160 1304 11
1190 1263 1296 1311 (ἕ-αν
1320 1262 1481 1315 λίμναν),

162 1331 243 1380 ΙΧ,
273 1334 320 1369 60
348 1330 572 1382 (βασιλῆες),
601 1328 778 1377 ἑκνόμιος
804 1330 853 1369 31.
882 1343 980 1370 nem.
1009 1331 1043 1381 I,
1063 1334 1111 1370 56
1130 1331 1278 1383 (λῆμα),
1297 1327 1483 1382 ἐμφύλιος

161 1397 211 1437 31.
244 1401 323 1448 pyt.
364 1397 422 1446 II,
463 1400 511 1435 32
552 1389 696 1445 (αἷμα),
738 1393 916 1441 ἐνόπλιος
954 1398 1004 1436 al.
1043 1398 1091 1437 01,
1126 1397 1255 1446 XIII,
1290 1400 1339 1436 83
1381 1394 1481 1440 (ἑ-ια

163 1460 348 1511 ἔπαιζεν),
382 1460 557 1508 ἐνύπνιος
588 1463 625 1502 11.
659 1463 708 1502 01.
741 1462 870 1511 XIII,
901 1465 959 1512 76,
987 1461 1204 1511 ἐπικώμιος
1229 1476 1328 1502 nem.
1356 1463 1480 1511 VIII,

164 1530 212 1567 50
239 1526 400 1580 (ὕμνος),
435 1526 623 1574 ἕπινίκιος
655 1529 704 1568 31.
732 1541 831 1567 nem.
859 1528 933 1577 IV,
965 1533 1011 1568 78
1038 1525 1242 1580 (ἀοιδαῖς),
1271 1526 1482 1576 ἐπιχώριος

162 1595 212 1634 31.
239 1599 318 1646 pyt.
352 1595 427 1644 IV,
461 1598 511 1633 80
537 1592 773 1646 (Mayvq'uov
805 1592 935 1645 ἕ-ιος),
969 1592 1182 1646 ἕῳαμέριος
1208 1595 1246 1634 11.
1274 1607 1374 1633 nem.
1408 1594 1478 1644 VI,

164 1665 198 1710 6,
237 1659 481 1709 μεταμώνιος
518 1661 555 1699 11.
596 1660 644 1699 01.
687 1661 791 1709 XII,
833 1664 867 1707 6,
908 1658 1133 1708 παρπόδιος
1171 1673 1270 1699 nem.
1313 1661 1394 1709 IX,
1432 1663 1480 1699 38

163 1723 331 1778 (φόνου),
371 1724 586 1776 προάστιον
624 1726 673 1765 31.
713 1726 761 1765 fr.
796 1729 857 1774 95,
879 1736 909 1775 2,
938 1722 1164 1774 προκώμιον
1189 1738 1288 1765 nem.
1316 1725 1391 1775 IV,
1422 1729 1480 1775 ll,

163 1789 392 1844 ὑπωρόφιος
417 1793 454 1831 11.
482 1796 562 1843 pyt.
591 1792 624 1839 I,
653 1795 701 1830 97
730 1790 956 1842 (φόρμιγγες
981 1787 1094 1835 ὗ-αι).

266 1858 363 1909 Quae
403 1859 518 1909 hujus
556 1858 707 1907 generis
746 1861 837 1896 sunt
874 1857 1052 1908 exempla
1088 1858 1128 1896 111
1163 1870 1324 1897 numero
1356 1858 1482 1897 deter-

163 1925 432 1964 minativorum
473 1925 564 1975 poni
603 1929 766 1975 possunt
795 1924 872 1976 (cfr
898 1937 1018 1975 supra
1042 1937 1081 1975 p.
1109 1925 1187 1975 28),
1215 1926 1247 1964 si
1273 1924 1388 1965 modo
1413 1924 1483 1964 illa

163 1990 355 2041 adjectiva
393 1991 583 2040 simplicia
621 1992 660 2029 in
693 2004 750 2028 -ιο
776 1995 857 2030 13111
884 1994 1036 2029 vetusta
1062 1991 1139 2029 sint
1165 2003 1283 2039 quam
1308 2004 1366 2040 ea,
1394 2005 1481 2040 quae

163 2056 399 2107 respondent
437 2057 659 2107 composita.
721 2056 811 2096 Hoc
851 2060 980 2096 autem
1015 2057 1104 2106 jure
1145 2056 1315 2096 dubitari
1353 2061 1482 2107 potest

162 2123 202 2160 in
234 2123 292 2168 iis,
321 2135 407 2171 quae
434 2123 624 2172 simplicia
649 2136 726 2161 non
753 2126 908 2161 exstant
932 2124 972 2160 in
998 2123 1130 2160 literis.
1186 2121 1320 2171 Atque
1347 2135 1480 2172 quam-

163 2200 280 2237 quam
318 2188 482 2236 cogitari
507 2191 637 2237 potest
662 2192 731 2226 3111
756 2191 839 2226 111111
867 2187 1021 2226 demum
1047 2187 1181 2226 fictum
1208 2200 1291 2226 esse
1317 2188 1480 2238 simplex

162 2254 202 2291 in
230 2267 300 2300 ιιο,
327 2266 446 2303 quum
472 2253 523 2292 ad
549 2254 706 2303 aliquod
733 2254 987 2303 compositum
1014 2253 1235 2301 fingendum
1253 2267 1350 2303 opus
1369 2259 1479 2302 esset,

163 2320 218 2358 113
256 2323 301 2357 111
331 2319 404 2357 nisi
436 2320 476 2357 in
501 2320 722 2370 compositis
748 2319 931 2358 usitatum
958 2331 1035 2358 non
1062 2323 1172 2368 esset,
1200 2323 1269 2358 aut
1289 2320 1371 2369 jam
1397 2323 1479 2358 tum

163 2398 233 2435 per
259 2398 300 2425 se
326 2385 451 2436 ipsum
479 2385 596 2425 fuisse
623 2385 720 2425 illud
745 2384 902 2435 quidem
927 2385 996 2424 sed
1019 2386 1058 2424 in
1077 2385 1200 2424 literis
1218 2398 1296 2425 non
1314 2389 1479 2436 exstare,

266 2507 292 2547 ¹)
313 2504 364 2537 cfr
385 2504 489 2538 Gndz.
510 2505 583 2537 482.
