1835 2968
936 196 961 232 6

285 297 517 346 minaretur,
558 310 636 336 non
675 297 915 347 imposuisse,
957 309 1004 336 eo
1042 296 1137 336 mihi
1164 295 1318 336 videtur
1351 297 1612 348 comprobari,

287 362 392 412 quod
419 376 468 401 ne
486 364 527 401 in
546 367 681 403 nostro
701 363 858 412 quidem
877 376 1056 401 sermone
1075 362 1255 412 exempla
1273 362 1425 412 desunt,
1445 376 1612 413 quorum

286 428 419 479 priore
446 429 486 468 in
513 433 627 480 parte
654 430 762 468 notio
789 429 1018 480 principalis
1043 429 1137 468 insit
1162 432 1202 468 et
1228 428 1385 479 quidem
1403 430 1614 480 saepissime

287 496 356 543 ita,
397 499 443 534 ut
474 508 567 545 pars
594 496 789 545 posterior
816 507 904 534 cum
932 499 1157 545 contemptu
1184 495 1354 544 quodam
1381 499 1452 534 aut
1476 496 1616 534 famili·

286 561 430 600 aritate
470 560 664 610 significet
695 560 747 610 id,
776 561 882 610 quod
908 562 1040 611 priore
1066 562 1107 600 in
1134 564 1248 611 parte
1273 561 1383 600 insit:
1416 561 1616 610 pojlcvalp,

283 626 477 675 prostfar,
503 626 724 676 krb'yarfar,
753 627 1034 675 studentfflojke,
1067 627 1317 676 dra‘nqpojke,
1348 627 1616 676 betjenspojlce,

285 692 519 740 flickslinka,
557 692 784 742 farsqubbe‚
826 692 1042 743 harnunya
1087 692 1310 740 hastkrake,
1356 693 1616 743 ciyarrpinne,

285 758 523 807 fmcktrase,
533 759 780 863 fflmff
797 759 1042 798 husastrunt.
1084 760 1261 798 Maxima
1279 772 1415 798 eorum
1434 763 1494 798 est
1511 772 1616 809 pars,

290 837 458 875 quorum
477 838 538 864 me
629 837 694 863 um
713 826 907 875 posterius
925 825 1041 875 plane
1061 825 1276 864 convicium
1295 824 1503 873 significat:
1525 823 1619 872 -bof‚

292 890 408 939 -slok,
448 891 570 934 -Ισηόῑ,
611 890 821 940 -skrc'iflare
860 891 1234 941 (tiqyareskrc'iflare,
1274 891 1336 930 cfr
1367 903 1424 940 gr.
1457 904 1619 939 πτωχα-

289 953 413 1004 λαζών
431 957 477 1007 ¹),
505 956 675 1005 prenset,
695 957 993 1007 prestadrc'iny),
1022 958 1146 996 multa
1172 957 1345 1007 ejusdem
1372 958 1536 1005 generis.

394 1021 509 1061 Illius
535 1022 1034 1072 dvandva-compositorum
1060 1024 1213 1071 generis
1239 1023 1380 1062 similia
1405 1023 1489 1062 haec
1514 1022 1620 1073 apud

292 1088 536 1138 Aeschylum
586 1088 829 1126 substantiva
879 1089 1025 1126 inveni:
1078 1085 1296 1137 γρυπάετος
1344 1088 1394 1127 al.
1439 1088 1488 1127 fr.
1535 1091 1619 1136 137,

294 1150 593 1201 ἱππαλεκτρυών
619 1153 669 1191 al.
697 1152 821 1200 ibdm3
865 1152 962 1204 Quae
989 1152 1067 1192 duo
1094 1153 1303 1192 referenda
1329 1157 1421 1192 sunt
1446 1153 1498 1192 ad
1523 1153 1621 1192 illud

292 1218 398 1268 quod
424 1231 546 1268 supra
572 1218 739 1257 diximus
765 1232 898 1268 genus,
918 1222 963 1257 ut
980 1222 1160 1257 neutram
1177 1223 1330 1269 partem
1349 1233 1476 1270 neque
1496 1219 1621 1258 deter-

293 1285 481 1323 minatam
507 1286 634 1334 neque
661 1285 987 1324 determinantem
1019 1285 1201 1324 habeant.

397 1350 576 1389 Tertium
605 1354 665 1389 est
690 1347 951 1398 ἰατρόμαντις,
983 1351 1094 1400 cujus
1120 1351 1223 1389 inter
1249 1354 1382 1400 partes
1409 1362 1495 1400 quae
1522 1350 1623 1389 ratio

294 1415 461 1464 intersit,
502 1429 575 1466 pro
615 1419 723 1454 certo
765 1415 896 1454 dicere
930 1416 1087 1455 difficile
1114 1420 1184 1455 est.
1238 1415 1317 1456 Sed
1343 1420 1475 1455 tamen
1502 1429 1550 1454 ex
1576 1428 1623 1454 ea

295 1482 460 1529 ratione,
502 1494 582 1530 qua
620 1482 744 1519 utitur
782 1486 912 1530 poeta,
952 1482 1046 1520 satis
1085 1482 1334 1531 perspicuum
1368 1484 1427 1519 est
1451 1481 1622 1530 priorem

295 1549 449 1596 partem
475 1546 732 1596 principalem
768 1559 862 1586 esse.
916 1546 1115 1586 Invenitur
1142 1546 1267 1586 tribus
1292 1546 1405 1586 locis:
1433 1558 1493 1594 ag.
1524 1547 1622 1584 1623

297 1609 386 1649 δύαι
413 1614 564 1662 φρενῶν
589 1608 871 1661 ἰατρομάντεις,
899 1624 980 1651 som
1007 1613 1107 1650 mida
1128 1612 1191 1650 bot
1210 1612 1384 1661 (ldkare)
1398 1610 1465 1658 fiir
1483 1612 1622 1660 sirmet,

296 1690 381 1728 sup.
410 1679 484 1716 263
512 1674 538 1714 ἱ.
567 1677 665 1722 παῖς
690 1674 937 1722 Ἀπόλλωνος
963 1677 1054 1728 (cfr.
1083 1691 1117 1717 v.
1146 1681 1232 1727 261,
1259 1677 1326 1717 ubi
1347 1671 1465 1722 Ἆπις
1491 1672 1625 1727 ἱατρός

298 1743 442 1783 dicitur
482 1747 522 1782 et
558 1743 789 1783 medicinam
816 1743 1019 1783 beluarum
1046 1757 1188 1794 parare
1214 1745 1265 1795 (v.
1294 1744 1419 1794 268»,
1446 1755 1547 1781 eum.
1575 1744 1624 1781 62
1667 1789 1676 1798 l

298 1806 455 1857 Λοξίας
481 1806 507 1847 ἶ.
535 1809 599 1847 καὶ
627 1807 884 1858 τερασκόπος.

401 1875 466 1913 Ne
506 1875 554 1913 de
595 1875 797 1925 adjectivis
838 1875 993 1924 quidem
1033 1876 1233 1914 sententiae
1267 1875 1419 1925 Meyeri
1445 1873 1625 1912 assentiri

299 1953 456 1991 possum
474 1941 521 1979 iis
539 1941 689 1979 nullum
708 1941 864 1980 omnino
883 1941 922 1979 in
941 1953 1081 1989 genere
1100 1941 1321 1992 copulativo
1340 1941 1468 1980 locum
1483 1952 1566 1978 esse
1577 1939 1623 1989 ²).

300 2007 396 2045 Jam
436 2007 532 2045 illud
565 2005 797 2053 λεε·κημέλας
824 2019 916 2044 num
944 2013 1061 2045 un‘am
1088 2008 1286 2046 notionem
1312 2005 1513 2054 significet,
1536 2005 1626 2054 jure

299 2073 340 2110 in
380 2071 540 2111 dubium
573 2072 705 2111 vocari
731 2075 872 2122 potest.
927 2072 985 2111 Ut
1008 2072 1049 2111 id
1076 2072 1181 2122 quod
1208 2066 1331 2112 nostri
1358 2071 1493 2111 dicunt
1518 2073 1626 2109 svart

303 2139 370 2177 och
390 2139 469 2176 hvic
488 2139 618 2188 (cujus
636 2151 715 2176 una
732 2151 825 2187 pars
844 2139 968 2186 nigra,
988 2139 1114 2177 altera
1132 2138 1222 2177 alba
1240 2139 1317 2188 est)
1335 2148 1626 2185 nonnumquam

300 2205 341 2243 in
378 2204 419 2243 id
459 2204 564 2254 quod
604 2208 663 2243 est
701 2204 892 2242 svarthvz't
930 2204 1193 2253 confunditur,
1222 2208 1266 2243 ut
1291 2202 1521 2252 significatio
1548 2214 1626 2241 non

300 2274 485 2318 mutetur,
525 2271 581 2309 ita
620 2282 789 2317 graecum
819 2269 917 2308 illud
943 2267 1174 2318 λευκομέλας
1199 2270 1280 2308 sine
1307 2268 1424 2308 dubio
1451 2268 1532 2305 hvic
1558 2267 1627 2305 och

406 2431 434 2468 ¹)
455 2428 701 2461 Dvandva-zus.
726 2439 759 2469 p.
782 2429 832 2461 25.

405 2481 434 2520 ²)
457 2479 703 2512 Dvandva-zus.
726 2490 759 2520 p.
781 2480 831 2511 28.
