1835 2968
949 204 1001 243 44

311 307 382 344 aut
419 304 524 355 apud
563 303 779 343 Pindarum
818 304 996 354 exempla
1034 303 1246 344 verbalium
1284 305 1325 344 in
1371 318 1454 350 -τος
1495 304 1630 343 activae
1679 312 1685 325 ’

312 370 603 419 significationis
621 382 709 409 cum
728 370 858 410 dativo
877 370 1089 410 adverbiali
1107 371 1384 421 compositione
1392 372 1630 423 junctorum.

313 436 493 476 Alterius
536 440 668 477 autem
711 437 862 486 generis
906 449 1052 486 eorum,
1097 449 1262 487 quorum
1306 438 1497 488 posterior
1539 448 1632 486 pars

312 503 506 553 passivam
545 502 665 542 habet
702 503 1033 552 significationem,
1074 516 1119 542 eo
1157 503 1273 553 plura
1310 508 1351 543 et
1389 504 1555 555 quidem,
1588 505 1634 542 ut

309 570 393 621 jam
433 569 525 619 dixi,
558 569 664 621 apud
695 568 936 621 Aeschylum
961 570 1210 610 inveniuntur
1235 571 1423 622 exempla.
1475 570 1632 610 Etenim

314 636 511 694 Pindarus
550 649 670 686 quum
710 636 793 676 sere
833 639 881 675 20
912 637 1028 687 hujus
1061 637 1212 685 generis
1242 650 1335 676 usus
1361 637 1430 692 sit,
1449 635 1632 686 Aeschyl.

315 715 393 742 non
432 703 558 742 minus
601 705 647 741 70
686 701 875 751 adhibuit,
915 715 1081 752 quorum
1111 703 1199 753 plus
1226 702 1387 742 dimidia
1411 715 1504 753 pars
1529 700 1634 752 apud

316 768 466 807 nullum
504 768 624 807 alium
665 769 894 817 scriptorem
938 769 1145 807 invenitur.
1198 768 1249 807 In
1292 768 1414 808 multo
1458 766 1634 818 pluribus

315 835 425 885 prior
443 846 535 884 pars
554 833 683 873 dativo
702 834 949 873 instrumenti
966 825 1186 884 respondet.
1227 833 1368 884 Neque
1386 834 1436 874 ab
1460 834 1635 887 Homero

317 899 426 938 nulla
463 903 698 949 receperunt
736 900 903 950 (Aeschz
946 898 1199 949 δουρίκλυτος,
1238 898 1453 950 θέσφατος,
1481 896 1636 937 αὐτοδί-

318 964 475 1015 δακτος;
517 964 635 1005 Pind:
679 962 911 1015 θεόδματος,
953 961 1166 1018 θέσφατος,
1206 962 1460 1015 ναυσικλυτός,
1495 961 1637 1015 ὀνομά-

319 1032 452 1076 κλυτος
481 1055 526 1060 --
553 1033 603 1071 ab
631 1032 824 1071 Hesiodo:
857 1029 1100 1081 θεόσδοτος).
1154 1032 1336 1071 Fuerunt
1365 1034 1467 1071 enim
1493 1036 1637 1083 praeter

318 1097 402 1137 haec
441 1098 547 1149 apud
586 1112 674 1138 eum
713 1098 790 1138 alia
829 1111 907 1138 non
945 1110 1072 1149 pauca
1111 1111 1197 1149 quae
1228 1099 1475 1139 imitarentur
1505 1095 1636 1150 (αἱμο-

319 1162 522 1214 ‹phot-mog,
561 1160 808 1213 ἅλλόγνωτος,
843 1161 1114 1213 ἀνδρόκμητος,
1141 1161 1368 1214 ἇρηίφατος,
1396 1161 1637 1214 αὖτάγρετος,

320 1226 577 1282 δουρίκτητος,
617 1226 954 1282 κηρεσσιφόρητος,
992 1225 1226 1282 μελίκρητος,
1265 1226 1492 1283 μυλήφατος,
1526 1231 1643 1279 πυρὶ--

322 1297 517 1346 και-στος).
570 1296 639 1334 Ad
678 1297 967 1335 similitudinem
1006 1308 1140 1334 eorum
1180 1296 1393 1345 Sophocles
1431 1295 1638 1334 admodum
1667 1323 1670 1326 Δ
1697 1310 1699 1312 ’
1743 1297 1754 1304 ”
1787 1272 1804 1289 ⁹

322 1361 446 1402 multa
483 1362 639 1402 novavit
677 1375 912 1413 quamquam
952 1361 1064 1411 longe
1103 1361 1224 1412 abest,
1258 1365 1303 1402 ut
1328 1375 1416 1402 cum
1442 1361 1639 1412 Aeschylo

320 1431 361 1468 in
387 1429 461 1467 hac
488 1442 531 1467 re
558 1430 778 1478 comparari
803 1430 940 1478 possit:
981 1424 1216 1474 ἆλίκλυστος,
1249 1424 1490 1475 αἱχμόδετος,
1526 1423 1638 1464 αὐτό-

321 1506 475 1545 γνωτος,
515 1490 762 1544 αὐθαίρετος,
803 1489 1081 1544 αὖτογέννητος,
1110 1489 1370 1541 αὖτόκτιστος,
1398 1489 1639 1545 δορίληπτος,

323 1557 655 1611 κυνοσπάρακτος,
700 1558 1006 1611 χαλκόπληκτος,
1051 1556 1326 1609 χερόπληκτος,
1371 1555 1640 1606 χειρόδεικτος,

323 1622 599 1677 χειροδάικτος.
640 1626 769 1666 Multo
795 1626 921 1665 rarius
944 1625 1052 1677 prior
1070 1638 1162 1677 pars
1181 1624 1310 1665 dativo
1328 1624 1403 1666 loci
1421 1617 1641 1676 respondet.

324 1693 446 1743 Cujus
485 1694 638 1741 generis
670 1693 778 1731 nulla
805 1693 854 1732 ab
882 1693 1057 1732 Homero
1084 1696 1332 1742 sumpserunt
1357 1691 1577 1741 Aeschylus
1603 1694 1643 1730 et

324 1758 532 1808 Pindarus,
561 1771 795 1808 quamquam
822 1771 870 1797 ne
897 1758 992 1798 talia
1016 1757 1170 1807 quidem
1195 1758 1300 1808 apud
1323 1770 1411 1797 eum
1436 1756 1644 1796 defuerunt

325 1822 616 1876 (ἐλεόθρεγττος,
644 1821 966 1876 οὐρανόδεικτος).

428 1927 465 1967 d.
519 1926 635 1967 Prior
671 1939 773 1977 pars
816 1927 1063 1976 adjectivum,
1111 1926 1366 1965 adverbialem
1411 1927 1451 1965 in
1494 1925 1645 1965 modum

326 1996 552 2034 adhibitum.

430 2093 466 2116 α.
521 2078 717 2117 Posterior
739 2089 838 2127 pars
864 2077 1029 2115 activam
1047 2076 1106 2114 vel
1124 2076 1411 2114 intransitivam
1430 2075 1503 2112 vim
1520 2074 1645 2113 habet.

430 2158 508 2198 Ae:
537 2156 741 2209 ἁγνόρυτος
766 2173 824 2209 pr.
852 2161 940 2206 435,
968 2155 1234 2205 κτάμπρεπτος
1252 2169 1310 2205 ag.
1334 2159 1404 2193 117
1424 2153 1646 2205 (ἕδραισιν),

329 2223 601 2276 πάμφθαρτος
639 2225 699 2264 ch.
742 2228 815 2263 296
855 2221 1012 2274 (μόρῳ),
1053 2219 1293 2272 πανάρκετος
1323 2222 1383 2260 ch.
1414 2223 1460 2259 70
1487 2217 1646 2271 (νόσου),

330 2289 546 2342 πάνδυρτος
573 2292 621 2331 al.
650 2305 751 2342 pers.
780 2294 854 2330 940
893 2286 1061 2341 (αὐδάν),
1089 2290 1175 2335 944,
1215 2285 1479 2339 πολύμνηστος
1503 2289 1559 2337 pt.
1586 2298 1646 2335 ag.

330 2363 402 2399 821
432 2356 592 2410 (χάριν),
619 2355 832 2407 πολύρυτος
850 2358 884 2407 ¹)
910 2357 959 2396 al.
987 2369 1071 2406 sup.
1099 2357 1173 2394 843
1200 2351 1369 2405 (πόρον).

433 2503 461 2540 ¹)
482 2501 559 2533 Cod.
581 2500 778 2543 πολύρριιιος.
