1835 2968
743 188 814 225 135

117 293 219 335 catio
262 288 403 342 prioris
446 287 569 338 partis
612 287 694 326 sine
739 286 856 327 dubio
894 287 1105 328 adverbiali
1145 288 1273 328 locum
1311 287 1430 328 dedit.

118 359 187 399 Ad
225 357 340 407 hujus
379 353 530 403 generis
569 351 781 403 composita
811 353 993 402 fingenda
1018 354 1143 406 φιλεῖν
1168 355 1327 394 verbum
1354 368 1431 394 non

118 437 236 465 unum
261 421 478 462 adhibitum
504 432 587 458 esse
604 421 649 467 ¹),
675 419 770 458 talia
795 419 998 459 declarant
1015 420 1146 470 qualia
1163 426 1268 460 sunt:
1295 420 1432 468 μελλό-

118 502 265 541 νυμφος
290 486 458 536 (Soph.)‚
490 481 725 532 μελλόποσις
750 484 916 533 (Soph.)‚
949 482 1210 534 ἐθελόπορνος
1234 486 1431 535 (Anacr.)‚

73 583 76 586 -
119 550 371 597 ἔθελόόουλος
397 551 548 600 (Plat.),
576 547 878 599 ἐθελοπρόξενος
902 550 1072 595 (Phua).

219 621 295 658 His
314 617 454 657 similia
472 616 579 654 nulla
596 620 687 654 sunt
699 616 803 665 apud
817 616 1030 654 Pindarum
1044 618 1230 666 exempla.
1260 617 1432 667 Aeschy-

118 688 178 725 lus
204 688 334 724 autem
361 681 548 720 nonnulla
572 680 692 719 habet
717 684 758 719 et
782 680 937 729 quidem
962 682 1018 720 ita
1035 680 1139 729 ficta,
1159 686 1203 721 ut
1219 682 1432 732 posteriore

118 754 157 791 in
185 754 296 801 parte
322 748 414 787 insit
431 747 664 796 adjectivum
683 746 853 785 verbale:
874 744 1103 796 φιλαιακτός
1121 748 1289 797 (qo-(32¹²)
1308 751 1435 785 κακῶν

119 816 272 866 olyckor
290 826 370 852 som
387 813 508 861 playa
529 811 721 860 beklayas,
740 824 819 849 som
839 824 928 849 man
943 824 1066 859 ¹qen-na
1086 812 1297 864 benemar),
1321 810 1434 863 φιλό-

119 884 255 934 δυρτος
280 893 358 920 som
384 891 505 929 qerna
532 877 682 928 klayar,
702 874 917 931 φιλόῧυτος
934 877 1059 929 (cp-cuv
1076 873 1213 927 ὀργίων
1230 880 1336 929 offer,
1353 892 1433 919 som

112 950 237 998 playa
263 945 532 994 anstdllas³))‚
560 942 778 994 φιλογαθής
803 942 930 994 (γόος)
949 955 1029 982 som
1045 956 1167 993 yerna
1188 944 1346 994 frojdar
1363 946 1434 994 siy.

220 1010 499 1052 Adverbialem
531 1010 608 1049 vim
639 1010 757 1049 habet
781 1010 890 1061 prior
916 1023 1007 1060 pars
1033 1010 1117 1060 ejus
1144 1024 1298 1060 quoque
1325 1024 1435 1051 voca-

119 1079 200 1118 buli
227 1077 331 1127 quod
357 1080 417 1115 est
440 1072 690 1124 ταλαίπωρος
705 1079 750 1120 ⁴),

220 1142 343 1193 Apud
371 1142 589 1180 Homerum
615 1155 662 1180 ea
687 1143 912 1192 composita,
940 1155 1105 1192 quorum
1124 1142 1232 1192 prior
1249 1155 1343 1193 pars
1361 1143 1436 1182 fuit

119 1211 237 1260 stirps
276 1208 453 1256 verbalis,
481 1220 599 1257 quam
625 1208 703 1246 late
740 1209 948 1257 patuerint,
981 1209 1015 1246 si
1046 1209 1264 1257 quaerimus,
1293 1222 1435 1257 magna

119 1276 193 1314 fuit
226 1275 308 1324 jam
335 1272 440 1322 apud
467 1285 554 1310 eum
582 1272 696 1322 hujus
722 1274 874 1321 generis
899 1274 1199 1323 compositorum
1227 1274 1434 1313 multitudo

120 1345 236 1391 atque
270 1338 431 1379 eandem
460 1351 576 1388 quam
603 1338 707 1389 apud
734 1339 972 1389 Aeschylum
999 1343 1039 1379 et
1063 1339 1277 1379 Pindarum
1304 1341 1434 1391 stirpis

119 1407 284 1446 verbalis
311 1405 599 1454 significationis
626 1405 851 1444 varietatem
878 1418 1108 1454 cognoscere
1136 1406 1237 1445 licet.

221 1472 438 1522 Saepissime
471 1484 565 1509 sane
592 1470 802 1509 accusativi·
828 1470 980 1520 objecti,
1009 1471 1113 1520 quod
1139 1472 1260 1521 ajunt,
1289 1472 1434 1510 vicibus

118 1551 210 1588 pars
247 1537 439 1587 posterior
479 1536 666 1584 fungitur:
708 1531 947 1583 ἆλεξάνεμος,
981 1531 1218 1583 ἀλεξίκακος,
1252 1532 1434 1582 εὶλίπους,

119 1599 333 1649 ἓλκεχίτων,
373 1598 574 1648 ἑχέθϊμος,
615 1598 830 1650 ἑχεπευκής,
871 1598 1056 1651 ἐχέφρων,
1088 1598 1294 1652 μενεδήϊος,
1325 1615 1435 1648 μενε-

120 1664 324 1716 πτόλεμος,
357 1663 602 1718 μενεχάρμης,
636 1662 869 1717 ἠλιτόμηνος,
903 1663 1165 1718 φιλοκτεανος,
1192 1662 1434 1718 φιλήρετμος,

119 1730 348 1785 ([ιλόξεινος,
382 1729 680 1782 φιλοπτόλεμος,
709 1728 959 1783 φιλοψευόἡς,
986 1729 1290 1783 φυγοπτόλεμος,
1318 1731 1435 1770 ταλα-

119 1795 238 1847 εργός,
265 1795 524 1849 ταλαπενθής,
550 1794 823 1846 τανύγλωσσος,
850 1794 1089 1846 τανυγλιιὶχιν,
1117 1794 1307 1850 τανυήκης,
1325 1795 1436 1836 τανύ-

120 1863 287 1911 πεπλος,
331 1861 586 1911 τανυπτέρυξ,
631 1860 878 1915 τανύφλοιος,
923 1861 1169 1914 τανύφυλλος,
1214 1859 1435 1912 ἇερσίπους,

119 1925 389 1980 εἰνοσίφυλλος,
410 1925 653 1978 ἐννοσίγαιος,
673 1926 939 1977 ἐνοσίχθωνῆ,
955 1925 1209 1977 ἐρυσίπτολις,
1227 1925 1436 1980 λυσιμελής,

118 1991 416 2046 τερψίμβροτος,
456 1991 757 2048 φθισίμβροτος,
790 1990 982 2046 φυσίζοος,
1010 1991 1295 2045 τανυσίπτερος,
1329 1993 1435 2044 ε’ρυσ-

119 2057 302 2110 άρματος,
336 2059 571 2112 πλήξιππος,
611 2057 848 2112 πλησίστιος,
881 2057 1058 2111 ῥηξὴνωρ,
1090 2058 1305 2112 φθισήνωρ,
1333 2057 1435 2098 ἑλκε-

118 2123 321 2174 σίπειτλος,
347 2123 599 2176 ταμεσίχρως,
626 2121 904 2175 ὠλεσίκαρπος,
932 2122 1202 2178 ἀκερσεκόμης.

223 2267 250 2305 ¹)
273 2265 367 2298 Osth.
388 2276 419 2307 p.
442 2266 604 2299 160—162
625 2265 719 2297 nulla
739 2265 805 2297 alia
825 2264 934 2299 affert.

222 2317 235 2335 2

222 2317 249 2409 ’ζ
270 2317 368 2400 ginii.
391 2369 498 2401 active
518 2368 767 2409 interpretatur.

221 2420 248 2460 ⁴)
270 2418 327 2451 Cfr
348 2419 408 2451 Die
429 2421 557 2452 neuest.
579 2419 617 2451 F.
642 2429 674 2460 p.
695 2420 747 2460 50,
770 2418 868 2452 Grdz.
889 2421 960 2452 332.

223 2471 249 2512 ⁵)
270 2469 328 2502 Cfr
349 2470 445 2504 Grdz.
469 2471 539 2503 260.
