1835 2968
825 211 873 249 21

188 310 344 361 quidem
370 316 415 352 ut
438 313 547 363 prior
571 325 665 363 pars
690 312 948 354 adverbialem
972 314 1168 365 acciperet
1183 311 1502 365 significationem

186 376 254 429 (de
278 377 353 419 hoc
378 392 520 429 genere
545 379 648 419 infra
671 380 814 432 agam).

288 477 322 513 3.
373 475 527 515 Neutra
553 478 594 515 in
619 490 711 515 -ιον,

285 569 321 597 a.
375 556 490 598 Prior
510 570 610 608 pars
634 559 928 600 substantivum.

284 638 362 677 Ae:
404 635 707 692 ἀνδροσφαγεῖον
723 641 757 692 ¹)
796 645 855 689 ag.
890 623 999 689 1092,
1033 635 1356 690 πεδορραντήριον
1370 638 1407 689 ²)
1437 650 1498 687 ag.

185 707 294 754 1092,
322 702 498 756 ναυάγιον
522 706 571 745 al.
598 719 699 757 pers.
726 709 813 746 420.

282 771 373 811 Duo
399 772 533 822 priora
558 784 635 811 non
662 773 755 811 satis
781 775 934 811 constat
958 775 1028 810 aut
1053 784 1144 810 num
1170 783 1214 809 re
1238 783 1331 809 vera
1352 770 1499 810 fuerint

174 841 260 890 haut,
300 839 331 876 si
369 838 539 886 fuerunt,
571 838 665 886 quid
690 838 1001 886 significaverint.
1054 836 1173 875 Dind.
1199 837 1497 886 interpretatur:

178 902 288 942 locus
313 903 379 941 ubi
405 904 463 941 vir
489 903 638 942 occisus
664 906 723 941 est
748 902 901 953 (eodem
926 902 1041 941 modo
1072 914 1149 952 quo
1179 897 1497 952 ἀνδροκτονεῖον),

178 968 286 1007 locus
325 969 392 1007 ubi
423 969 548 1007 solum
574 969 855 1019 conspergitur.
908 968 1042 1017 Enger
1067 956 1198 1007 autem
1224 967 1418 1017 adjectiva
1441 968 1498 1006 in-

177 1034 333 1083 telligit:
361 1035 711 1080 miinnermordend‚
738 1034 809 1073 den
838 1034 974 1073 Boden
1002 1033 1252 1083 bespritzend.
1302 1026 1499 1083 ΙΝαυοὶγιον

178 1100 333 1149 quidem
348 1100 535 1139 vocabulo
549 1101 759 1151 respondet
770 1114 911 1139 nomen
924 1100 1073 1149 agentis
1090 1097 1252 1149 ναυαγός
1264 1100 1392 1150 (Eun,
1406 1099 1495 1150 X.).

178 1165 326 1206 Contra
365 1161 645 1219 ἀνδροσφάγος,
677 1163 940 1218 πεδορραντήρ
972 1167 1129 1205 nomina
1154 1167 1304 1216 agentis
1329 1179 1407 1206 non
1433 1180 1496 1206 ex-

176 1236 282 1270 stant
306 1231 382 1283 [cfr
408 1237 538 1271 tamen
565 1231 897 1283 παρθενοσφάγος
919 1231 1044 1283 (Ae),
1063 1230 1200 1283 ῥαντήρ
1219 1232 1343 1284 (pt.)].
1382 1232 1495 1272 Com·

174 1298 308 1347 parari
347 1303 509 1347 possunt
547 1297 777 1337 Homerica:
808 1295 1000 1344 αἰπόλιον,
1027 1295 1287 1346 θεοπρόπιον,
1314 1294 1495 1347 συβόσιον

173 1360 354 1414 (συβότης
391 1362 588 1413 Aristot.).
641 1363 738 1414 Quae
777 1363 975 1402 Homerus
1007 1364 1126 1402 habet
1155 1359 1377 1415 ἆνδράγρια,
1403 1377 1492 1411 μοι·

173 1425 312 1478 χάγρια
338 1429 385 1467 iis
403 1429 542 1469 similia
559 1442 684 1479 neque
702 1429 807 1480 apud
825 1429 968 1469 Aesch.
989 1443 1114 1480 neque
1132 1422 1238 1481 apud
1255 1429 1370 1470 Pind.
1389 1421 1491 1469 sunt.

275 1521 311 1560 b.
365 1521 481 1560 Prior
502 1533 601 1570 pars
626 1521 866 1570 adjectivum.

273 1602 353 1642 Ae:
381 1600 606 1654 ἀκροθίνιον
630 1605 679 1643 al.
707 1617 806 1644 eum.
833 1607 920 1654 834,
947 1605 994 1644 fr.
1015 1600 1108 1644 ¹184.

273 1669 322 1708 P:
365 1666 590 1719 ἀκροθίνιον
628 1670 676 1709 al.
718 1683 817 1709 nem.
856 1670 950 1720 VII,
990 1673 1051 1719 41,
1092 1669 1331 1721 παγκράτιον
1360 1672 1411 1710 al.
1438 1672 1487 1711 ol.

175 1734 294 1784 VIII,
322 1738 383 1784 59,
410 1732 647 1773 πεντάθλιον
671 1736 771 1775 istm.
799 1736 833 1784 I,
861 1739 921 1775 26.

271 1841 304 1867 c.
357 1828 473 1868 Prior
494 1840 594 1877 pars
619 1828 850 1868 adverbium.

271 1910 352 1948 Ae:
381 1906 553 1960 ἐνηλύσια
563 1909 597 1959 ³)
621 1912 676 1959 pt.
696 1910 742 1948 fr.
765 1911 823 1958 15,
851 1906 1048 1958 ἐπιτίμιον
1065 1910 1115 1948 al.
1135 1913 1232 1960 sept.
1255 1912 1364 1959 1021,
1383 1923 1485 1960 pers.

168 1977 255 2024 823,
284 1972 492 2024 προοίμιον
517 1975 566 2014 al.
594 1989 653 2025 pr.
684 1978 767 2024 741,
795 1972 1035 2025 προστόμιον
1060 1980 1115 2026 pt.
1143 1988 1226 2026 sup.
1255 1978 1289 2015 3.

270 2041 320 2080 P:
347 2038 611 2089 μεταδόρπιον
635 2041 672 2080 h.
700 2041 747 2080 fr.
775 2044 835 2090 89,
864 2052 894 2090 2,
921 2038 1130 2090 προοίμιον
1154 2042 1204 2081 al.
1230 2045 1309 2093 pyt.
1329 2041 1428 2090 VII,
1448 2045 1483 2091 2,

166 2104 385 2156 συμπόσιον
410 2107 460 2147 al.
488 2120 587 2147 nem.
616 2107 696 2146 IX.
723 2110 785 2147 48.

267 2173 399 2212 Unum
439 2173 652 2212 alterumve
691 2174 772 2211 sine
812 2174 930 2213 dubio
962 2175 1197 2225 adjectivum
1222 2176 1380 2225 proprie
1406 2179 1479 2214 est:

164 2233 401 2286 ἀκροθίνιον,
426 2234 691 2289 μεταδόρπιον
716 2238 857 2289 (Hom:
884 2236 1151 2291 μεταδόρπιος
1176 2240 1285 2292 adj.)

187 2399 192 2403 ’
267 2401 295 2438 ¹)
317 2398 397 2433 Cod.
419 2400 528 2441 ἀνδρὸς
549 2404 708 2441 σφαγεῖον.

265 2452 295 2490 ²)
314 2451 394 2485 God.
418 2453 511 2483 πέδον
531 2451 705 2494 §animam

264 2503 294 2542 ⁸)
315 2501 370 2536 cfr
390 2502 488 2538 Grdz.
511 2505 583 2539 546.
