1835 2968
824 218 870 254 75

288 318 365 358 Sed
401 319 484 368 jam
524 330 569 356 eo
609 321 860 365 transeamus,
895 321 950 365 ut,
977 330 1053 366 quo
1079 317 1194 356 modo
1221 318 1277 355 vis
1301 318 1386 367 ipsa
1411 330 1496 367 pos-

187 385 336 423 sessivae
376 383 663 433 compositionis
702 382 826 421 verbis
852 383 1146 433 interpretanda
1177 384 1238 432 sit,
1266 396 1495 433 quaeramus.

188 449 301 500 Quod
328 449 482 499 quidem
509 450 593 499 ipso
620 448 805 488 vocabulo
832 450 1007 487 universe
1033 449 1282 498 significatur.
1323 449 1497 499 Boppius

162 557 167 563 ,
186 516 287 554 enim
311 516 525 565 possessiva
543 515 640 553 dixit
657 514 761 563 quod
787 515 879 552 ”den
898 515 1076 554 Bes-itaer
1093 516 1227 553 dessen
1245 515 1496 557 ausdriicken,

187 594 268 620 was
307 582 367 620 die
405 582 598 620 einzelnen
642 580 771 619 Theile
802 581 869 619 der
900 586 1278 630 zusammen-semum
1306 582 1497 627 bedenten,

186 660 228 686 so
267 649 360 686 dass
398 648 465 685 der'
505 647 663 694 Beyrq'ff
691 647 758 684 des
785 646 1038 685 Besitzenden
1067 649 1198 684 immet·
1223 660 1271 685 zu
1298 646 1498 696 suppliren

185 713 257 751 isffl
275 714 320 764 ι).
375 713 471 764 Quae
511 712 720 762 descriptio
753 725 798 751 eo
825 712 1060 762 reprehensa
1088 717 1146 752 est
1172 712 1275 762 quod
1302 713 1341 751 in
1369 713 1498 752 omnia

185 779 300 829 hujus
327 780 476 827 generis
503 792 580 817 non
608 778 766 826 cadit').
807 777 946 826 Neque
973 779 1105 825 negari
1130 783 1257 828 potest
1275 780 1349 816 vim
1368 779 1498 828 hujus·

185 844 289 883 modi
328 844 627 894 compositorum
661 843 860 891 angustius
887 843 943 882 ita
969 843 1132 882 definiri.
1187 843 1263 883 Sed
1290 847 1419 882 tamen
1446 843 1497 882 ad

185 907 477 959 significandum
518 910 650 960 qualia¹
688 910 765 948 sint
802 910 876 948 hoc
915 910 1038 959 ipsum
1074 911 1300 949 vocabulum
1329 911 1496 949 omnium

185 990 302 1016 unum
321 990 402 1016 esse
421 975 539 1015 credo
558 976 808 1026 aptissimum.
838 976 964 1027 vQuod
983 976 1084 1015 enim
1103 976 1323 1025 significant
1339 976 1497 1025 singulae

185 1044 384 1093 compositi
411 1046 553 1093 partes,
581 1042 620 1081 id
647 1043 886 1091 significatur
908 1042 985 1081 'hoc
1011 1042 1199 1082 vocabulo
1227 1056 1309 1082 esse
1334 1043 1497 1092 alicujus

184 1109 243 1147 vel
283 1112 410 1148 ortum
450 1109 499 1147 ab
530 1109 659 1158 aliquo
686 1108 746 1146 vel
772 1109 926 1147 omnino
954 1108 1068 1147 modo
1096 1109 1226 1158 aliquo
1252 1109 1302 1147 ad
1330 1109 1497 1158 aliquem

184 1176 390 1224 pertinere,
431 1175 487 1213 ita
526 1179 570 1213 ut
608 1187 686 1223 qua
711 1175 861 1213 ratione
888 1175 1001 1224 hujus
1028 1176 1181 1222 generis
1206 1175 1420 1225 composita
1446 1174 1496 1213 ad

185 1241 338 1279 nomina
364 1253 435 1279 sua
461 1241 682 1279 referantur
709 1241 771 1278 vix
798 1240 876 1279 ullo
904 1240 981 1280 alio
1010 1241 1196 1280 vocabulo
1223 1241 1359 1279 melius
1383 1241 1497 1289 signi-

184 1307 293 1345 ficari
332 1308 464 1357 possit.
519 1309 653 1356 Atque
681 1307 712 1345 si
745 1307 963 1356 quaerimus,
991 1321 1077 1357 quae
1104 1308 1222 1346 verba
1248 1307 1394 1346 utenda
1419 1308 1497 1346 sint

183 1372 233 1410 ad
258 1374 474 1422 possessiva
500 1373 716 1411 nominibus
734 1374 812 1411 suis
831 1373 1088 1423 adjungenda,
1107 1374 1147 1411 in
1168 1378 1300 1413 nostro
1319 1386 1495 1412 sermone

182 1438 340 1478 verbum
380 1439 484 1489 quod
523 1443 582 1478 est
613 1438 731 1488 hafva
763 1452 864 1489 saepe
891 1452 968 1478 non
996 1440 1089 1478 satis
1115 1444 1251 1490 aptum*
1276 1444 1345 1489 est,
1373 1440 1494 1479 latino

182 1518 273 1544 vero
312 1507 352 1544 in
383 1519 559 1545 sermone
586 1506 723 1543 habere
750 1505 978 1544 vocabulum
1005 1505 1116 1553 longe
1143 1506 1318 1555 plurimis
1345 1510 1404 1545 est
1429 1519 1495 1556 ap-

181 1572 380 1610 tissimum.
435 1572 532 1623 Quae
565 1584 683 1621 quum
709 1573 765 1610 ita
791 1576 928 1620 essent,
956 1584 1032 1610 non
1059 1571 1232 1611 dubitavi
1260 1572 1363 1622 quod
1391 1572 1494 1622 Βορ-

180 1637 267 1686 pius
293 1637 446 1677 induxit
470 1638 698 1677 vocabulum
725 1639 909 1687 recipere.

283 1703 379 1754 Quae
412 1704 487 1743 huc
518 1704 742 1743 referuntur
772 1704 985 1753 composita
1012 1705 1067 1742 ita
1093 1704 1370 1743 distributurus
1396 1717 1492 1752 sum,

181 1773 224 1807 ut
263 1775 431 1819 spectem
472 1783 548 1819 quo
587 1770 701 1809 modo
742 1770 914 1808 suethice
941 1770 1018 1808 sint
1042 1770 1348 1819 interpretanda,
1376 1782 1492 1819 quam

180 1836 368 1873 rationem
409 1836 589 1885 persequi
629 1848 863 1884 quamquam
896 1835 1006 1873 video
1034 1839 1200 1884 quantas
1227 1835 1369 1874 habeat
1395 1835 1493 1873 diffi-

179 1900 354 1950 cultates,
395 1906 525 1940 tamen
558 1901 740 1950 conabor,
770 1905 813 1940 ut
837 1902 894 1940 ita
919 1900 1055 1939 melius
1081 1901 1320 1949 intelligatur
1346 1906 1494 1950 quanta

177 1966 218 2004 in
267 1966 410 2006 talibus
459 1968 682 2017 compositis
733 1967 912 2006 libertate
963 1968 1021 2005 usi
1072 1968 1149 2006 sint
1191 1967 1410 2017 Aeschylus
1454 1972 1494 2006 ct

179 2031 385 2071 Pindarus.

283 2126 314 2162 1.
374 2123 631 2172 Compositum
657 2124 850 2174 siyn-z‘ficat
876 2125 917 2174 a)
944 2127 1081 2162 vestem
1100 2124 1358 2172 (armamenta
1377 2125 1492 2174 equi).

177 2189 220 2238 b)
246 2202 357 2227 arma
384 2191 422 2239 c)
449 2191 754 2234 instrumentum,
782 2190 922 2238 quibus
940 2191 1027 2238 quis
1046 2190 1261 2226 instructus
1279 2190 1330 2226 sit
1349 2188 1490 2237 (sueth.

176 2254 227 2292 ha
250 2255 310 2303 pri
341 2256 412 2303 siy,
444 2255 513 2302 hos
539 2255 611 2304 sig),
637 2254 747 2293 halla
775 2256 788 2292 ι’
814 2254 1042 2304 Ῑιᾶηάενηα),
1074 2254 1132 2293 vel
1158 2256 1274 2293 etiam
1300 2254 1344 2304 d)
1370 2254 1491 2292 aliam

176 2331 256 2358 rem
282 2332 359 2369 qua
386 2320 479 2370 quid
504 2321 557 2359 sit
584 2323 762 2359 ornatum
789 2320 905 2369 (quae
931 2321 972 2358 in
999 2333 1073 2370 quo
1095 2320 1177 2366 fixa
1202 2321 1286 2372 sit).

279 2453 305 2494 ¹)
325 2451 455 2484 Erlsut.
475 2462 508 2493 p.
532 2453 602 2484 153.

276 2504 306 2544 ²)
326 2502 455 2537 Erliut.
476 2514 508 2547 p.
530 2504 600 2539 153.
642 2503 736 2537 Osth.
757 2514 789 2547 p.
811 2505 883 2538 128.
