1835 2968
952 197 1002 235 74

309 296 447 338 eodem
473 297 590 338 modo
618 297 847 348 composita:
883 295 1121 346 ljushufvud‚
1154 295 1402 347 dumhufvud‚
1428 296 1630 346 klumpfot,

309 363 438 411 trefot.
468 364 650 409 tusenfot.
676 367 820 408 siitnos,
846 367 1011 410 stomos,
1042 363 1233 412 ῖᾶηρνοοΙο,
1259 363 1457 402 svartrock
1482 367 1524 403 et
1538 364 1628 404 alia.

310 430 446 481 Atque
474 444 522 470 ne
550 444 574 470 a
600 443 726 479 graeco
754 429 909 480 quidem
936 443 1114 470 sermone
1134 430 1207 469 hoc
1225 442 1346 478 genus
1364 430 1630 471 translationis

310 497 426 547 plane
466 497 635 536 alienum
675 497 804 544 fuisse,
843 497 935 535 licet
966 510 1043 535 uon
1083 497 1194 535 nimis
1220 496 1298 535 late
1324 498 1508 546 patuerit,
1535 497 1630 538 talia

310 563 512 603 declarare
553 562 732 602 videntur
771 564 903 613 qualia
942 567 1033 602 sunt
1064 559 1226 611 τρίπους
1253 561 1370 610 trefot
1396 563 1498 614 (jam
1525 563 1630 614 apud

310 629 459 680 Hom),
487 626 726 679 καρταίπους
751 629 921 676 starkfot
953 630 1043 679 (pro
1070 633 1183 669 tauro
1209 630 1394 679 positum)
1421 629 1471 669 ol.
1499 630 1629 678 XIII,

312 699 370 734 78.
425 695 560 744 Atque
601 696 727 744 ipsum
768 691 982 742 ἅνθρωπος
1013 694 1110 733 illud
1137 695 1375 734 mansanlete
1393 695 1427 744 ¹)
1458 695 1630 745 ejusdem

310 761 463 810 generis
490 764 559 799 est.
612 761 689 801 Sed
718 775 836 811 quum
865 761 914 800 ab
941 761 1014 809 hag:
1040 762 1190 801 ratione
1224 761 1341 800 verba
1370 762 1631 802 transferendi

312 828 442 865 omnia
468 828 684 876 composita
710 828 923 876 possessiva
950 830 1103 875 repetat
1129 826 1354 874 Osthoffius,
1375 827 1471 865 fines
1491 827 1630 877 proba-

311 892 474 932 bilitatis
500 892 797 941 transgreditur.
840 892 943 931 Nam
972 893 1037 942 qui
1064 893 1104 931 in
1131 893 1354 932 memoriam
1378 895 1629 943 revocaverit,

312 960 427 1010 hujus
466 959 618 1008 generis
657 960 871 1009 composita
913 972 1029 1008 quam
1069 960 1184 998 variis
1216 959 1340 999 modis
1366 959 1560 1010 subjectis,
1587 965 1632 1000 ut

312 1026 425 1077 ajunt
450 1026 584 1074 nostri,
612 1025 886 1076 adjungantur,
915 1026 976 1064 vix
1003 1025 1075 1064 sibi
1101 1025 1350 1075 persuadebit
1375 1026 1476 1066 hanc
1500 1040 1629 1067 veram

311 1106 394 1131 esse
434 1093 624 1131 rationem
664 1091 916 1139 intelligendi.
970 1091 1105 1140 Atque
1145 1104 1215 1130 cur
1242 1092 1392 1131 Graecis
1419 1106 1495 1132 non
1522 1094 1632 1133 licuit

311 1158 447 1198 eadem
490 1159 545 1197 uti
574 1160 724 1197 ratione
752 1171 829 1207 qua
857 1162 988 1196 noster
1016 1170 1142 1196 sermo
1169 1161 1318 1196 tantam
1345 1158 1629 1198 multitudinem

313 1225 425 1277 fingit
463 1225 781 1274 compositorum:
824 1223 1051 1269 bai-hufvact
1085 1224 1358 1272 ldnymmmad,
1385 1224 1627 1273 hbybriistad.

315 1290 512 1338 bredherd,
550 1290 794 1339 yodlejertad.
836 1290 1079 1338 οιᾶηρονιίιῃ,
1126 1289 1204 1328 alia
1252 1290 1470 1340 permulta?
1527 1291 1629 1342 Quin

312 1358 429 1395 etiam
457 1357 542 1394 aliis
568 1357 607 1394 in
635 1356 875 1394 sermonibus
904 1360 945 1394 ut
970 1357 1008 1393 in
1038 1356 1199 1404 hispano
1219 1360 1259 1394 et
1275 1357 1406 1395 italico
1425 1362 1630 1407 utramque

313 1422 504 1461 rationem
532 1421 695 1460 valuisse
722 1421 837 1460 docet
866 1422 1134 1460 Darmesteter
1151 1423 1196 1472 ²).

415 1488 491 1527 Est
531 1492 661 1527 autem
701 1488 808 1527 aliud
841 1501 963 1536 genus
990 1488 1253 1536 dignissimum
1282 1488 1487 1529 observatu
1513 1494 1631 1540 atque

313 1554 363 1593 ab
403 1567 449 1593 eo
490 1553 594 1604 quod
636 1567 756 1604 supra
788 1554 866 1592 dixi
901 1554 1165 1593 translationis
1192 1554 1395 1603 diversum,
1423 1555 1518 1594 talia
1544 1555 1631 1595 dico

313 1620 446 1669 qualia
464 1624 555 1658 sunt
579 1617 807 1667 noll-audem
837 1617 1035 1669 (κι-ιάγοί),
1061 1617 1341 1668 ,ιιεγαλοπόλιες
1366 1618 1630 1672 (Συράκοσαι).

313 1686 413 1724 Haee
453 1699 547 1724 sane
587 1687 624 1723 in
667 1686 905 1735 metaphora,
946 1699 1062 1735 quam
1100 1686 1222 1735 ajunt,
1262 1687 1388 1735 posita
1421 1699 1497 1726 non
1529 1692 1629 1727 sunt.

315 1752 449 1801 Atque
489 1752 539 1791 ad
579 1752 750 1790 suethico
791 1752 1124 1801 interpretandum
1153 1751 1270 1790 verba
1296 1765 1381 1801 quae
1408 1757 1499 1792 sunt
1523 1766 1629 1800 vara,

314 1820 467 1865 utyo'ra,
511 1818 619 1855 bestii
652 1819 674 1857 ι’,
716 1818 916 1866 aptissima
948 1822 1049 1865 sunt,
1083 1815 1147 1856 ita'
1171 1822 1213 1856 ut
1239 1818 1396 1867 proprie
1422 1823 1630 1867 ponantur.

314 1882 518 1932 Ejusmodi
559 1883 677 1930 igitur
716 1883 930 1932 composita
969 1897 993 1921 a
1031 1884 1222 1932 principio
1247 1882 1490 1927 substantiva
1515 1885 1632 1925 fuisse

315 1952 359 1986 ut
385 1948 487 1986 ratio
513 1951 616 1986 esset
641 1949 945 1997 appositionalis,
966 1953 1009 1988 ut
1025 1949 1146 1998 ajunt,
1176 1949 1261 1998 quis
1284 1953 1343 1988 est
1361 1950 1454 1999 quin
1472 1950 1633 1990 credat?

315 2014 466 2052 Eadem
507 2014 607 2053 ratio
651 2014 813 2061 cogitari
854 2019 983 2064 potest
1008 2016 1047 2053 in
1073 2016 1131 2063 iis,
1159 2028 1245 2064 quae
1271 2015 1394 2054 multa
1418 2017 1633 2065 posteriore

314 2080 352 2117 in
395 2083 508 2129 parte
549 2079 695 2118 habeut
734 2079 962 2119 vocabulum
1004 2080 1174 2131 ejusdem
1202 2081 1490 2129 significationis
1515 2086 1632 2132 atque

313 2145 353 2184 id
394 2159 551 2193 nomen,
593 2146 654 2184 cui
695 2147 948 2196 compositum
989 2147 1214 2197 adjunctum
1254 2151 1327 2186 est:
1374 2150 1633 2197 μακροβίοτος

314 2208 460 2259 (αἰών),
506 2207 643 2248 εὖαιίον
687 2209 868 2260 (βίοιος),
921 2209 1213 2260 γωάικόβονλος
1264 2214 1429 2263 (μῆτις),
1483 2209 1635 2264 εὖτι·χής

313 2274 517 2327 (πότμος),
562 2277 710 2316 Similia.

418 2429 446 2467 ¹)
466 2428 524 2461 Cfr
544 2427 643 2460 Grdz.
664 2429 736 2462 308.

416 2480 446 2518 ²)
467 2479 580 2513 Dar-m.
602 2490 635 2521 p.
657 2481 709 2521 34,
733 2481 783 2513 35.
