1835 2968
953 192 1003 229 34

340 326 361 342 4
411 292 463 331 P:
491 288 751 339 εὖθὐπομπός
776 284 963 341 nem.·-II,
992 295 1013 329 7
1039 288 1181 341 (αἰών),
1214 287 1431 337 εῧθύπνοος
1455 292 1505 331 al.
1532 304 1632 341 nem.

312 357 410 408 VII,
438 360 499 407 29,
538 354 777 412 μεγάλαυχος
808 357 858 407 al.
891 360 971 409 pyt.
1007 357 1127 407 VIII,
1157 358 1215 407 15,
1257 352 1446 406 όξυτόμος
1470 362 1526 409 pt.
1552 361 1632 415 pyt.

311 424 386 473 IV,
413 427 488 463 263
515 421 718 474 (πελέκει),
746 419 949 473 ὠκύπορος
974 424 1012 463 h.
1039 428 1119 474 pyt.
1147 423 1181 472 Ι,
1210 425 1269 473 74.

413 527 450 575 β.
505 523 747 574 Siqnfficatio
767 525 944 574 passiva.

413 608 494 646 Ae:
522 604 734 655 βαρύτιμος
750 610 805 656 pt.
825 620 909 656 sup.
930 609 977 645 25
998 603 1168 657 (χθόνιοι
1189 606 1280 654 haye
1297 607 1473 658 ἄνων),
1493 607 1635 648 λεπτό-

311 674 434 722 ὀομος
451 686 551 724 pers.
574 675 646 711 112
665 668 906 723 (πείσμασι),
925 669 1206 722 μεγαλόστονος
1218 675 1273 722 pt.
1288 685 1347 722 pr.
1361 675 1437 713 413
1452 673 1634 725 (πήμασι,

311 740 371 779 cfr
397 753 431 778 v.
459 741 534 777 407
563 736 737 776 στένουσι
768 735 914 789 τιμάν),
955 734 1143 787 νεόγαμος
1168 737 1217 776 al.
1245 750 1306 786 ag.
1336 741 1446 788 1179,
1486 738 1636 791 νεογνός

310 806 349 844 h.
377 817 439 853 ag.
469 806 579 852 1163,
605 799 820 850 νεόδροπος
845 816 930 854 sup.
961 805 1045 852 354,
1073 799 1286 852 νεόσπορος
1312 807 1412 842 eum.
1438 808 1524 855 659,
1552 803 1635 844 νεό-

311 884 432 919 τομος
471 870 522 909 al.
563 869 624 908 ch.
667 871 726 918 25,
767 865 979 920 νεότροφος
1016 883 1075 918 ag.
1119 871 1192 908 724
1231 868 1309 919 (cfr
1335 874 1470 923 nostra
1495 871 1635 921 nyyzft,

311 935 469 986 ηῃίόἀά,
511 934 738 985 mazoclam,
779 935 940 984 nysddd,
982 934 1186 984 nyslcuren,
1226 934 1350 974 multa
1375 936 1549 987 ejusdem
1574 950 1636 987 ge-

311 1002 445 1052 neris),
484 998 714 1049 πάντροπος
751 1004 848 1050 sept.
878 1003 951 1039 955
979 1002 1083 1050 (π-ιμ
1101 1001 1136 1050 ²)
1162 1001 1295 1052 φυγᾷ),
1336 1000 1550 1048 πολύδονος
1574 1018 1633 1054 pr.

315 1071 387 1106 788
427 1062 621 1118 (πλάνην),
663 1079 764 1116 pers.
806 1068 880 1104 275
919 1063 1132 1117 (σώματα),
1174 1063 1430 1117 πολύφθορος
1460 1069 1510 1108 al,
1538 1073 1633 1120 sept,

313 1135 387 1172 926
427 1129 581 1183 (στίχας
620 1145 739 1176 π-ους
770 1133 784 1170 i
814 1132 968 1181 mdnyd.
988 1132 1163 1183 dijdade),
1205 1129 1434 1180 σεμνότιμος
1460 1134 1519 1173 ch.
1549 1138 1634 1185 357,

312 1212 413 1238 eum.
442 1201 528 1246 833,
556 1194 817 1245 ταχύπομπος
834 1200 868 1248 ³)
895 1211 978 1248 sup.
1009 1200 1106 1236 1046
1134 1197 1365 1249 (διωγμοῖς).

415 1264 466 1303 P:
506 1260 723 1311 εὖθύτομος
761 1269 840 1314 pyt.
873 1264 924 1312 V,
953 1267 1002 1302 90
1028 1260 1168 1315 (ὁδόν),
1210 1260 1408 1311 εὗρύτιμος
1434 1266 1483 1305 01.
1511 1260 1545 1317 I,
1572 1270 1634 1318 42,

312 1327 512 1374 νεόκτονος
537 1342 637 1367 nem.
669 1322 788 1378 VIII,
818 1333 877 1378 30,
905 1327 1177 1380 πολύστροφος
1206 1333 1261 1380 pt.
1289 1330 1336 1368 fr.
1365 1333 1451 1371 233.

416 1395 540 1446 Apud
558 1394 776 1433 Homerum
794 1396 909 1446 hujus
927 1395 1078 1443 generis
1096 1395 1158 1445 (d)
1177 1399 1268 1434 sunt
1285 1397 1477 1446 exempla:
1493 1396 1636 1438 πάναι-

315 1464 400 1509 θος,
428 1458 675 1508 πολύστονος,
695 1456 908 1511 ὠκύπορος,
928 1457 1088 1510 νεογνός,
1107 1459 1352 1512 νεόστροφος,
1373 1459 1638 1513 πολύτροπος,-

312 1529 415 1568 Hes:
458 1524 727 1577 ἑτωσιοεργός,·
767 1527 889 1578 Soph:
931 1522 1134 1573 ὥκυτόκος,
1169 1522 1373 1575 ιῦκυβόλος,
1405 1526 1636 1579 κοινότοκος,

313 1591 578 1645 πολύρραφος.

416 1660 480 1697 Ex
505 1659 551 1696 iis
578 1671 664 1707 quae
691 1671 810 1708 supra
836 1660 903 1708 (a.,
930 1659 980 1707 b.,
1008 1671 1054 1707 c.,
1082 1658 1141 1709 d.)
1167 1660 1388 1698 enumeravi
1414 1662 1637 1710 compositis

313 1724 534 1764 verbalibus
559 1724 600 1762 in
627 1738 692 1769 -ος
718 1724 849 1763 videre
875 1725 968 1763 licet
994 1737 1080 1763 eam
1107 1726 1297 1764 rationem
1329 1727 1543 1775 composita
1567 1727 1636 1766 fin-

313 1791 440 1840 gendi,
486 1794 531 1829 ut
573 1791 614 1828 in
652 1791 784 1840 priore
823 1794 937 1840 parte
976 1803 1117 1828 nomen
1161 1792 1409 1842 (pronomen)
1453 1797 1634 1843 ponatur,

313 1859 354 1897 in
380 1857 597 1908 posteriore
623 1856 779 1895 verbale
805 1857 845 1895 in
872 1869 948 1903 -ος,
965 1855 1080 1905 *apud
1106 1854 1346 1907 Aeschylum
1365 1861 1405 1897 et
1420 1858 1635 1899 Pindarum

313 1924 436 1963 multo
475 1923 592 1962 latius
626 1936 742 1972 quam
775 1922 881 1972 apud
921 1922 1140 1961 Homerum
1178 1927 1324 1972 patere.
1378 1924 1482 1963 Nam
1517 1938 1636 1974 quum

314 1988 535 2040 Aeschylus
560 1989 642 2038 ipse
669 2001 789 2038 supra
815 1991 875 2037 50,
904 1987 1099 2026 Pindarus
1124 1988 1207 2038 ipse
1231 2002 1351 2039 supra
1375 1992 1424 2028 20
1441 1990 1636 2042 finxerint,

313 2067 514 2107 perpauca
544 2054 660 2094 modo
691 2054 741 2094 ab
773 2054 950 2094 Homero
977 2057 1238 2104 sumpserunt:
1291 2056 1372 2094 Ae:
1413 2051 1637 2106 ἄγρονόμος,

317 2118 560 2169 θεοπρόπος,
591 2117 830 2170 ὁὸὄοιπόρος,
872 2115 1092 2169 ώκύπορος,
1131 2118 1297 2168 νεογνός,·
1347 2122 1399 2159 P:
1440 2119 1637 2170 οἰοπόλος,

313 2183 538 2237 τετράορος,
590 2183 852 2236 πρωτόγονος,
903 2182 1130 2235 χρυσάορος,
1179 2185 1372 2235 βοαθόος,
1422 2183 1637 2238 ὦκύπορος.

314 2253 443 2292 Multo
483 2253 600 2303 plura
639 2253 711 2291 nisi
750 2252 800 2291 ab
833 2253 926 2302 ipsis
952 2252 1202 2292 novatoribus
1228 2267 1306 2292 non
1333 2253 1509 2293 adhibita
1534 2258 1635 2294 sunt.

419 2376 447 2412 ¹)
469 2373 571 2406 Dind:
591 2375 744 2416 yraviter
759 2375 923 2415 puniens.

417 2426 446 2464 ²)
469 2425 537 2457 Alii
555 2426 665 2457 active
685 2426 961 2465 interpretantur.

418 2479 447 2515 ³)
468 2476 566 2510 Dind.
588 2477 695 2509 active
716 2478 967 2518 interpretatur.
