<?xml version="1.0" encoding="UTF-8"?>
<!DOCTYPE html PUBLIC "-//W3C//DTD XHTML 1.0 Transitional//EN"
    "http://www.w3.org/TR/xhtml1/DTD/xhtml1-transitional.dtd">
<html xmlns="http://www.w3.org/1999/xhtml" xml:lang="en" lang="en">
 <head>
  <title>
</title>
<meta http-equiv="Content-Type" content="text/html;charset=utf-8" />
  <meta name='ocr-system' content='tesseract 3.04.00' />
  <meta name='ocr-capabilities' content='ocr_page ocr_carea ocr_par ocr_line ocrx_word'/>
</head>
<body>
  <div class='ocr_page' id='page_1' title='image "4737327_0129.png"; bbox 0 0 1835 2968; ppageno 0'>
   <div class='ocr_carea' id='block_1_1' title="bbox 758 179 831 214">
    <p class='ocr_par' dir='ltr' id='par_1_1' title="bbox 758 179 831 214">
     <span class='ocr_line' id='line_1_1' title="bbox 758 179 831 214; baseline 0 0"><span class='ocrx_word' id='word_1_1' title='bbox 758 179 831 214; x_wconf 90' lang='grc'>119</span> 
     </span>
    </p>
   </div>
   <div class='ocr_carea' id='block_1_2' title="bbox 118 273 1483 2376">
    <p class='ocr_par' dir='ltr' id='par_1_2' title="bbox 118 273 1451 527">
     <span class='ocr_line' id='line_1_2' title="bbox 131 273 1450 327; baseline -0.001 -11"><span class='ocrx_word' id='word_1_2' title='bbox 131 273 326 322; x_wconf 59' lang='grc' dir='ltr'>ἷίκακηςῑ)</span> <span class='ocrx_word' id='word_1_3' title='bbox 358 276 507 324; x_wconf 83' lang='lat' dir='ltr'>(Plat.)‚</span> <span class='ocrx_word' id='word_1_4' title='bbox 541 275 742 325; x_wconf 77' lang='grc' dir='ltr'><em>κένανδρος</em></span> <span class='ocrx_word' id='word_1_5' title='bbox 768 277 888 327; x_wconf 57' lang='grc' dir='ltr'>(Λα),</span> <span class='ocrx_word' id='word_1_6' title='bbox 917 273 1101 325; x_wconf 71' lang='grc' dir='ltr'><em>ἷὶνανδρης</em></span> <span class='ocrx_word' id='word_1_7' title='bbox 1132 276 1253 325; x_wconf 79' lang='lat' dir='ltr'>(Ae.)‚</span> <span class='ocrx_word' id='word_1_8' title='bbox 1287 273 1450 327; x_wconf 80' lang='grc' dir='ltr'><strong><em>ἄπειρό-</em></strong></span> 
     </span>
     <span class='ocr_line' id='line_1_3' title="bbox 118 337 1450 394; baseline 0.001 -15"><span class='ocrx_word' id='word_1_9' title='bbox 118 345 273 394; x_wconf 81' lang='grc' dir='ltr'><strong><em>.ὅροσος</em></strong></span> <span class='ocrx_word' id='word_1_10' title='bbox 298 343 442 391; x_wconf 67' lang='lat' dir='ltr'>(Eun),</span> <span class='ocrx_word' id='word_1_11' title='bbox 476 337 641 392; x_wconf 76' lang='grc' dir='ltr'><em>ἀδροσία</em></span> <span class='ocrx_word' id='word_1_12' title='bbox 668 342 777 387; x_wconf 89' lang='lat' dir='ltr'>(Pt.).</span> <span class='ocrx_word' id='word_1_13' title='bbox 831 339 1111 393; x_wconf 71' lang='grc' dir='ltr'><strong><em>Ἄπειρόκαλυς</em></strong></span> <span class='ocrx_word' id='word_1_14' title='bbox 1137 343 1241 392; x_wconf 77' lang='lat' dir='ltr'><strong>(X.)‚</strong></span> <span class='ocrx_word' id='word_1_15' title='bbox 1269 347 1309 383; x_wconf 88' lang='lat' dir='ltr'>et</span> <span class='ocrx_word' id='word_1_16' title='bbox 1334 339 1450 381; x_wconf 76' lang='grc' dir='ltr'><em>ἄπει-</em></span> 
     </span>
     <span class='ocr_line' id='line_1_4' title="bbox 133 407 1451 461; baseline 0.002 -14"><span class='ocrx_word' id='word_1_17' title='bbox 133 407 287 461; x_wconf 82' lang='grc' dir='ltr'><strong><em>ρολεχής</em></strong></span> <span class='ocrx_word' id='word_1_18' title='bbox 329 409 441 454; x_wconf 88' lang='lat' dir='ltr'>(Ar.)</span> <span class='ocrx_word' id='word_1_19' title='bbox 485 410 706 459; x_wconf 89' lang='lat' dir='ltr'>compositis</span> <span class='ocrx_word' id='word_1_20' title='bbox 759 423 844 458; x_wconf 81' lang='lat' dir='ltr'>quae</span> <span class='ocrx_word' id='word_1_21' title='bbox 896 410 1157 459; x_wconf 83' lang='lat' dir='ltr'><strong>respondeant</strong></span> <span class='ocrx_word' id='word_1_22' title='bbox 1205 410 1313 449; x_wconf 92' lang='lat' dir='ltr'>nulla</span> <span class='ocrx_word' id='word_1_23' title='bbox 1360 415 1451 450; x_wconf 90' lang='lat' dir='ltr'>sunt</span> 
     </span>
     <span class='ocr_line' id='line_1_5' title="bbox 131 476 356 527; baseline -0.009 -11"><span class='ocrx_word' id='word_1_24' title='bbox 131 476 356 527; x_wconf 85' lang='lat' dir='ltr'>possessiva.</span> 
     </span>
    </p>

    <p class='ocr_par' dir='ltr' id='par_1_3' title="bbox 131 542 1483 1109">
     <span class='ocr_line' id='line_1_6' title="bbox 235 542 1483 591; baseline 0.001 -11"><span class='ocrx_word' id='word_1_25' title='bbox 235 543 350 580; x_wconf 90' lang='lat' dir='ltr'>Licet</span> <span class='ocrx_word' id='word_1_26' title='bbox 388 554 506 579; x_wconf 92' lang='lat' dir='ltr'>unum</span> <span class='ocrx_word' id='word_1_27' title='bbox 546 542 759 579; x_wconf 89' lang='lat' dir='ltr'>alterumve</span> <span class='ocrx_word' id='word_1_28' title='bbox 799 543 1053 590; x_wconf 88' lang='lat' dir='ltr'>compositum</span> <span class='ocrx_word' id='word_1_29' title='bbox 1087 543 1342 591; x_wconf 87' lang='lat' dir='ltr'>possessivum</span> <span class='ocrx_word' id='word_1_30' title='bbox 1369 547 1449 581; x_wconf 83' lang='lat' dir='ltr'>tam</span> <span class='ocrx_word' id='word_1_31' title='bbox 1475 568 1483 576; x_wconf 86' lang='lat'><strong>·</strong></span> 
     </span>
     <span class='ocr_line' id='line_1_7' title="bbox 132 605 1450 657; baseline 0 -11"><span class='ocrx_word' id='word_1_32' title='bbox 132 608 252 647; x_wconf 89' lang='lat' dir='ltr'>fuerit</span> <span class='ocrx_word' id='word_1_33' title='bbox 277 611 480 652; x_wconf 86' lang='lat' dir='ltr'>vetustum,</span> <span class='ocrx_word' id='word_1_34' title='bbox 508 610 552 645; x_wconf 92' lang='lat' dir='ltr'>ut</span> <span class='ocrx_word' id='word_1_35' title='bbox 577 605 628 645; x_wconf 89' lang='lat' dir='ltr'>ad</span> <span class='ocrx_word' id='word_1_36' title='bbox 655 619 786 644; x_wconf 87' lang='lat' dir='ltr'>eorum</span> <span class='ocrx_word' id='word_1_37' title='bbox 816 606 1103 645; x_wconf 90' lang='lat' dir='ltr'>similitudinem</span> <span class='ocrx_word' id='word_1_38' title='bbox 1128 607 1222 655; x_wconf 78' lang='lat' dir='ltr'>haec,</span> <span class='ocrx_word' id='word_1_39' title='bbox 1242 608 1290 646; x_wconf 89' lang='lat' dir='ltr'>de</span> <span class='ocrx_word' id='word_1_40' title='bbox 1310 608 1450 657; x_wconf 91' lang='lat' dir='ltr'>quibus</span> 
     </span>
     <span class='ocr_line' id='line_1_8' title="bbox 132 672 1450 723; baseline 0.001 -11"><span class='ocrx_word' id='word_1_41' title='bbox 132 675 261 723; x_wconf 85' lang='lat' dir='ltr'>agitur</span> <span class='ocrx_word' id='word_1_42' title='bbox 287 673 379 721; x_wconf 87' lang='lat' dir='ltr'>fingi</span> <span class='ocrx_word' id='word_1_43' title='bbox 406 676 575 722; x_wconf 91' lang='lat' dir='ltr'>possent.</span> <span class='ocrx_word' id='word_1_44' title='bbox 595 676 724 710; x_wconf 88' lang='lat' dir='ltr'>tamen</span> <span class='ocrx_word' id='word_1_45' title='bbox 744 672 924 710; x_wconf 83' lang='lat' dir='ltr'>libertate</span> <span class='ocrx_word' id='word_1_46' title='bbox 943 674 1057 720; x_wconf 85' lang='lat' dir='ltr'>graeci</span> <span class='ocrx_word' id='word_1_47' title='bbox 1083 675 1269 712; x_wconf 90' lang='lat' dir='ltr'>sermonis</span> <span class='ocrx_word' id='word_1_48' title='bbox 1289 674 1450 713; x_wconf 88' lang='lat' dir='ltr'>diversis</span> 
     </span>
     <span class='ocr_line' id='line_1_9' title="bbox 132 737 1449 788; baseline 0.002 -10"><span class='ocrx_word' id='word_1_49' title='bbox 132 739 255 779; x_wconf 89' lang='lat' dir='ltr'>modis</span> <span class='ocrx_word' id='word_1_50' title='bbox 274 740 487 788; x_wconf 83' lang='lat' dir='ltr'>composita</span> <span class='ocrx_word' id='word_1_51' title='bbox 506 737 677 788; x_wconf 86' lang='lat' dir='ltr'>ejusdem</span> <span class='ocrx_word' id='word_1_52' title='bbox 697 737 985 786; x_wconf 82' lang='lat' dir='ltr'>significationis</span> <span class='ocrx_word' id='word_1_53' title='bbox 1003 738 1172 786; x_wconf 86' lang='lat' dir='ltr'>fingendi</span> <span class='ocrx_word' id='word_1_54' title='bbox 1191 752 1267 778; x_wconf 92' lang='lat' dir='ltr'>non</span> <span class='ocrx_word' id='word_1_55' title='bbox 1281 740 1449 779; x_wconf 90' lang='lat' dir='ltr'>alienum</span> 
     </span>
     <span class='ocr_line' id='line_1_10' title="bbox 131 803 1451 853; baseline -0.002 -9"><span class='ocrx_word' id='word_1_56' title='bbox 131 810 191 845; x_wconf 87' lang='lat' dir='ltr'>est</span> <span class='ocrx_word' id='word_1_57' title='bbox 223 805 273 844; x_wconf 90' lang='lat' dir='ltr'>ad</span> <span class='ocrx_word' id='word_1_58' title='bbox 306 817 415 843; x_wconf 88' lang='lat' dir='ltr'>suam</span> <span class='ocrx_word' id='word_1_59' title='bbox 447 807 613 853; x_wconf 89' lang='lat' dir='ltr'>utraque</span> <span class='ocrx_word' id='word_1_60' title='bbox 640 804 830 842; x_wconf 88' lang='lat' dir='ltr'>rationem</span> <span class='ocrx_word' id='word_1_61' title='bbox 858 803 951 841; x_wconf 86' lang='lat' dir='ltr'>ficta</span> <span class='ocrx_word' id='word_1_62' title='bbox 976 817 1070 852; x_wconf 86' lang='lat' dir='ltr'>esse,</span> <span class='ocrx_word' id='word_1_63' title='bbox 1097 805 1153 843; x_wconf 88' lang='lat' dir='ltr'>ita</span> <span class='ocrx_word' id='word_1_64' title='bbox 1178 808 1223 843; x_wconf 93' lang='lat' dir='ltr'>ut</span> <span class='ocrx_word' id='word_1_65' title='bbox 1248 803 1451 853; x_wconf 78' lang='grc' dir='ltr'><strong><em>κένανδρος</em></strong></span> 
     </span>
     <span class='ocr_line' id='line_1_11' title="bbox 132 865 1450 921; baseline -0.001 -11"><span class='ocrx_word' id='word_1_66' title='bbox 132 872 388 921; x_wconf 89' lang='lat' dir='ltr'>compositum</span> <span class='ocrx_word' id='word_1_67' title='bbox 407 882 642 920; x_wconf 88' lang='lat' dir='ltr'>quamquam</span> <span class='ocrx_word' id='word_1_68' title='bbox 667 869 829 907; x_wconf 86' lang='lat' dir='ltr'>eandem</span> <span class='ocrx_word' id='word_1_69' title='bbox 849 882 965 918; x_wconf 84' lang='lat' dir='ltr'>quam</span> <span class='ocrx_word' id='word_1_70' title='bbox 993 865 1177 917; x_wconf 63' lang='grc' dir='ltr'>ἄνανδρος</span> <span class='ocrx_word' id='word_1_71' title='bbox 1203 870 1320 909; x_wconf 82' lang='lat' dir='ltr'>habet</span> <span class='ocrx_word' id='word_1_72' title='bbox 1337 871 1450 919; x_wconf 88' lang='lat' dir='ltr'>signi-</span> 
     </span>
     <span class='ocr_line' id='line_1_12' title="bbox 131 935 1452 985; baseline -0.001 -9"><span class='ocrx_word' id='word_1_73' title='bbox 131 938 362 985; x_wconf 83' lang='lat' dir='ltr'>ficationem,</span> <span class='ocrx_word' id='word_1_74' title='bbox 403 940 532 974; x_wconf 87' lang='lat' dir='ltr'>tamen</span> <span class='ocrx_word' id='word_1_75' title='bbox 573 948 657 973; x_wconf 88' lang='lat' dir='ltr'>eam</span> <span class='ocrx_word' id='word_1_76' title='bbox 697 935 813 973; x_wconf 87' lang='lat' dir='ltr'>fuisse</span> <span class='ocrx_word' id='word_1_77' title='bbox 854 936 1044 973; x_wconf 85' lang='lat' dir='ltr'>rationem</span> <span class='ocrx_word' id='word_1_78' title='bbox 1083 936 1184 973; x_wconf 92' lang='lat' dir='ltr'>inter</span> <span class='ocrx_word' id='word_1_79' title='bbox 1223 940 1365 985; x_wconf 86' lang='lat' dir='ltr'>partes,</span> <span class='ocrx_word' id='word_1_80' title='bbox 1408 940 1452 975; x_wconf 90' lang='lat' dir='ltr'>ut</span> 
     </span>
     <span class='ocr_line' id='line_1_13' title="bbox 131 1001 1449 1054; baseline -0.002 -11"><span class='ocrx_word' id='word_1_81' title='bbox 131 1005 239 1054; x_wconf 89' lang='lat' dir='ltr'>prior</span> <span class='ocrx_word' id='word_1_82' title='bbox 277 1002 533 1053; x_wconf 76' lang='lat' dir='ltr'>posteriorem</span> <span class='ocrx_word' id='word_1_83' title='bbox 575 1005 739 1049; x_wconf 75' lang='lat' dir='ltr'>regeret,</span> <span class='ocrx_word' id='word_1_84' title='bbox 781 1002 875 1039; x_wconf 90' lang='lat' dir='ltr'>mihi</span> <span class='ocrx_word' id='word_1_85' title='bbox 915 1001 1070 1050; x_wconf 90' lang='lat' dir='ltr'>quidem</span> <span class='ocrx_word' id='word_1_86' title='bbox 1105 1002 1183 1039; x_wconf 86' lang='lat' dir='ltr'>veri</span> <span class='ocrx_word' id='word_1_87' title='bbox 1217 1002 1449 1041; x_wconf 88' lang='lat' dir='ltr'>simillimum</span> 
     </span>
     <span class='ocr_line' id='line_1_14' title="bbox 132 1070 319 1109; baseline 0.005 -1"><span class='ocrx_word' id='word_1_88' title='bbox 132 1070 319 1109; x_wconf 84' lang='lat' dir='ltr'>videatur.</span> 
     </span>
    </p>

    <p class='ocr_par' dir='ltr' id='par_1_4' title="bbox 129 1133 1451 1448">
     <span class='ocr_line' id='line_1_15' title="bbox 233 1133 1450 1184; baseline -0.001 -10"><span class='ocrx_word' id='word_1_89' title='bbox 233 1136 400 1183; x_wconf 78' lang='lat' dir='ltr'>Horum,</span> <span class='ocrx_word' id='word_1_90' title='bbox 430 1147 515 1183; x_wconf 85' lang='lat' dir='ltr'>quae</span> <span class='ocrx_word' id='word_1_91' title='bbox 542 1147 662 1184; x_wconf 88' lang='lat' dir='ltr'>supra</span> <span class='ocrx_word' id='word_1_92' title='bbox 680 1134 769 1180; x_wconf 77' lang='lat' dir='ltr'>dixi,</span> <span class='ocrx_word' id='word_1_93' title='bbox 792 1133 933 1172; x_wconf 88' lang='lat' dir='ltr'>similia</span> <span class='ocrx_word' id='word_1_94' title='bbox 950 1137 1041 1172; x_wconf 92' lang='lat' dir='ltr'>sunt</span> <span class='ocrx_word' id='word_1_95' title='bbox 1059 1146 1116 1181; x_wconf 73' lang='lat' dir='ltr'>ea,</span> <span class='ocrx_word' id='word_1_96' title='bbox 1136 1146 1301 1182; x_wconf 88' lang='lat' dir='ltr'>quorum</span> <span class='ocrx_word' id='word_1_97' title='bbox 1319 1136 1450 1184; x_wconf 83' lang='lat' dir='ltr'>priore</span> 
     </span>
     <span class='ocr_line' id='line_1_16' title="bbox 133 1196 1451 1252; baseline -0.002 -11"><span class='ocrx_word' id='word_1_98' title='bbox 133 1203 172 1241; x_wconf 92' lang='lat' dir='ltr'>in</span> <span class='ocrx_word' id='word_1_99' title='bbox 198 1205 312 1252; x_wconf 88' lang='lat' dir='ltr'>parte</span> <span class='ocrx_word' id='word_1_100' title='bbox 338 1202 440 1239; x_wconf 90' lang='lat' dir='ltr'>inest</span> <span class='ocrx_word' id='word_1_101' title='bbox 466 1196 621 1248; x_wconf 73' lang='grc' dir='ltr'><em>ἀκάμας</em></span> <span class='ocrx_word' id='word_1_102' title='bbox 638 1200 883 1250; x_wconf 77' lang='lat' dir='ltr'>adjectivum,</span> <span class='ocrx_word' id='word_1_103' title='bbox 904 1200 1014 1250; x_wconf 90' lang='lat' dir='ltr'>cujus</span> <span class='ocrx_word' id='word_1_104' title='bbox 1040 1200 1192 1249; x_wconf 89' lang='lat' dir='ltr'>generis</span> <span class='ocrx_word' id='word_1_105' title='bbox 1223 1200 1328 1251; x_wconf 88' lang='lat' dir='ltr'>apud</span> <span class='ocrx_word' id='word_1_106' title='bbox 1360 1201 1451 1240; x_wconf 91' lang='lat' dir='ltr'>Pin·</span> 
     </span>
     <span class='ocr_line' id='line_1_17' title="bbox 132 1263 1451 1316; baseline -0.002 -10"><span class='ocrx_word' id='word_1_107' title='bbox 132 1268 269 1306; x_wconf 89' lang='lat' dir='ltr'>darum</span> <span class='ocrx_word' id='word_1_108' title='bbox 309 1280 427 1306; x_wconf 92' lang='lat' dir='ltr'>unum</span> <span class='ocrx_word' id='word_1_109' title='bbox 467 1267 644 1316; x_wconf 87' lang='lat' dir='ltr'>exempla</span> <span class='ocrx_word' id='word_1_110' title='bbox 680 1267 928 1305; x_wconf 90' lang='lat' dir='ltr'>inveniuntur</span> <span class='ocrx_word' id='word_1_111' title='bbox 967 1270 1007 1305; x_wconf 86' lang='lat' dir='ltr'>et</span> <span class='ocrx_word' id='word_1_112' title='bbox 1039 1266 1193 1315; x_wconf 85' lang='lat' dir='ltr'>quidem</span> <span class='ocrx_word' id='word_1_113' title='bbox 1226 1266 1325 1305; x_wconf 88' lang='lat' dir='ltr'>haec:</span> <span class='ocrx_word' id='word_1_114' title='bbox 1353 1263 1451 1304; x_wconf 80' lang='grc' dir='ltr'><strong><em>ἀκα-</em></strong></span> 
     </span>
     <span class='ocr_line' id='line_1_18' title="bbox 130 1327 1449 1383; baseline 0.001 -13"><span class='ocrx_word' id='word_1_115' title='bbox 130 1329 392 1383; x_wconf 78' lang='grc' dir='ltr'><em>μαντολόγχας</em></span> <span class='ocrx_word' id='word_1_116' title='bbox 430 1333 531 1372; x_wconf 82' lang='lat' dir='ltr'>istm.</span> <span class='ocrx_word' id='word_1_117' title='bbox 572 1332 646 1377; x_wconf 84' lang='lat' dir='ltr'>VI,</span> <span class='ocrx_word' id='word_1_118' title='bbox 690 1335 748 1381; x_wconf 84' lang='lat'>10,</span> <span class='ocrx_word' id='word_1_119' title='bbox 790 1327 1121 1381; x_wconf 75' lang='grc' dir='ltr'><em>ἅκαμαντομάχας</em></span> <span class='ocrx_word' id='word_1_120' title='bbox 1152 1336 1231 1383; x_wconf 72' lang='lat' dir='ltr'>pyt.</span> <span class='ocrx_word' id='word_1_121' title='bbox 1260 1332 1334 1381; x_wconf 71' lang='lat' dir='ltr'>IV,</span> <span class='ocrx_word' id='word_1_122' title='bbox 1366 1335 1449 1381; x_wconf 88' lang='lat'>171,</span> 
     </span>
     <span class='ocr_line' id='line_1_19' title="bbox 129 1396 671 1448; baseline 0.002 -12"><span class='ocrx_word' id='word_1_123' title='bbox 129 1396 481 1448; x_wconf 71' lang='grc' dir='ltr'>ἆκαμιτντωχάρμας</span> <span class='ocrx_word' id='word_1_124' title='bbox 508 1400 556 1438; x_wconf 85' lang='lat' dir='ltr'>fr.</span> <span class='ocrx_word' id='word_1_125' title='bbox 587 1402 671 1437; x_wconf 87' lang='lat'>179.</span> 
     </span>
    </p>

    <p class='ocr_par' dir='ltr' id='par_1_5' title="bbox 125 1461 1452 2376">
     <span class='ocr_line' id='line_1_20' title="bbox 232 1461 1450 1515; baseline 0.001 -13"><span class='ocrx_word' id='word_1_126' title='bbox 232 1464 328 1515; x_wconf 80' lang='lat' dir='ltr'>Quae</span> <span class='ocrx_word' id='word_1_127' title='bbox 368 1466 582 1515; x_wconf 88' lang='lat' dir='ltr'>composita</span> <span class='ocrx_word' id='word_1_128' title='bbox 621 1461 729 1511; x_wconf 68' lang='grc' dir='ltr'><em>ἄξιος</em></span> <span class='ocrx_word' id='word_1_129' title='bbox 762 1464 994 1514; x_wconf 79' lang='lat' dir='ltr'>adjectivum</span> <span class='ocrx_word' id='word_1_130' title='bbox 1022 1465 1152 1514; x_wconf 90' lang='lat' dir='ltr'>priore</span> <span class='ocrx_word' id='word_1_131' title='bbox 1179 1465 1218 1502; x_wconf 87' lang='lat' dir='ltr'>in</span> <span class='ocrx_word' id='word_1_132' title='bbox 1245 1467 1357 1514; x_wconf 79' lang='lat' dir='ltr'>parte</span> <span class='ocrx_word' id='word_1_133' title='bbox 1384 1464 1450 1503; x_wconf 87' lang='lat' dir='ltr'>ha-</span> 
     </span>
     <span class='ocr_line' id='line_1_21' title="bbox 129 1529 1448 1581; baseline -0.001 -12"><span class='ocrx_word' id='word_1_134' title='bbox 129 1531 232 1580; x_wconf 86' lang='lat' dir='ltr'>bent,</span> <span class='ocrx_word' id='word_1_135' title='bbox 273 1544 320 1569; x_wconf 88' lang='lat' dir='ltr'>ea</span> <span class='ocrx_word' id='word_1_136' title='bbox 357 1544 510 1581; x_wconf 91' lang='lat' dir='ltr'>quoque</span> <span class='ocrx_word' id='word_1_137' title='bbox 549 1531 763 1581; x_wconf 85' lang='lat' dir='ltr'>posteriore</span> <span class='ocrx_word' id='word_1_138' title='bbox 803 1534 917 1569; x_wconf 85' lang='lat' dir='ltr'>aetate</span> <span class='ocrx_word' id='word_1_139' title='bbox 951 1529 1001 1569; x_wconf 87' lang='lat' dir='ltr'>ad</span> <span class='ocrx_word' id='word_1_140' title='bbox 1034 1543 1154 1579; x_wconf 87' lang='lat' dir='ltr'>genus</span> <span class='ocrx_word' id='word_1_141' title='bbox 1181 1529 1448 1580; x_wconf 86' lang='lat' dir='ltr'>dependentiae</span> 
     </span>
     <span class='ocr_line' id='line_1_22' title="bbox 127 1596 1448 1646; baseline -0.001 -11"><span class='ocrx_word' id='word_1_142' title='bbox 127 1597 325 1635; x_wconf 85' lang='lat' dir='ltr'>transiisse</span> <span class='ocrx_word' id='word_1_143' title='bbox 367 1597 577 1635; x_wconf 87' lang='lat' dir='ltr'>Clemmius</span> <span class='ocrx_word' id='word_1_144' title='bbox 615 1601 757 1635; x_wconf 87' lang='lat' dir='ltr'>censet.</span> <span class='ocrx_word' id='word_1_145' title='bbox 810 1596 881 1634; x_wconf 90' lang='lat' dir='ltr'>Usi</span> <span class='ocrx_word' id='word_1_146' title='bbox 922 1599 1013 1634; x_wconf 89' lang='lat' dir='ltr'>sunt</span> <span class='ocrx_word' id='word_1_147' title='bbox 1049 1596 1192 1634; x_wconf 90' lang='lat' dir='ltr'>talibus</span> <span class='ocrx_word' id='word_1_148' title='bbox 1227 1597 1448 1646; x_wconf 84' lang='lat' dir='ltr'>compositis</span> 
     </span>
     <span class='ocr_line' id='line_1_23' title="bbox 127 1661 1446 1712; baseline -0.001 -11"><span class='ocrx_word' id='word_1_149' title='bbox 127 1666 271 1712; x_wconf 84' lang='lat' dir='ltr'>praeter</span> <span class='ocrx_word' id='word_1_150' title='bbox 297 1666 449 1701; x_wconf 85' lang='lat' dir='ltr'>ceteros</span> <span class='ocrx_word' id='word_1_151' title='bbox 476 1662 530 1701; x_wconf 92' lang='lat' dir='ltr'>illi</span> <span class='ocrx_word' id='word_1_152' title='bbox 549 1675 680 1701; x_wconf 85' lang='lat' dir='ltr'>rerum</span> <span class='ocrx_word' id='word_1_153' title='bbox 699 1663 909 1711; x_wconf 86' lang='lat' dir='ltr'>scriptores</span> <span class='ocrx_word' id='word_1_154' title='bbox 928 1661 1167 1710; x_wconf 84' lang='lat' dir='ltr'>Herodotus,</span> <span class='ocrx_word' id='word_1_155' title='bbox 1187 1661 1446 1712; x_wconf 83' lang='lat' dir='ltr'>Thucydides,</span> 
     </span>
     <span class='ocr_line' id='line_1_24' title="bbox 127 1724 1447 1778; baseline -0.002 -11"><span class='ocrx_word' id='word_1_156' title='bbox 127 1728 371 1778; x_wconf 90' lang='lat' dir='ltr'>Xenophon:</span> <span class='ocrx_word' id='word_1_157' title='bbox 412 1724 652 1776; x_wconf 70' lang='grc' dir='ltr'><em>ἅξιέπαινος,</em></span> <span class='ocrx_word' id='word_1_158' title='bbox 691 1725 858 1777; x_wconf 51' lang='lat' dir='ltr'>452„on,</span> <span class='ocrx_word' id='word_1_159' title='bbox 893 1725 1069 1776; x_wconf 73' lang='grc' dir='ltr'><strong><em>-όμαχος,</em></strong></span> <span class='ocrx_word' id='word_1_160' title='bbox 1096 1725 1254 1773; x_wconf 76' lang='grc' dir='ltr'><strong><em>-όιίκυς,</em></strong></span> <span class='ocrx_word' id='word_1_161' title='bbox 1283 1725 1447 1777; x_wconf 81' lang='grc' dir='ltr'><strong><em>-όεργος,</em></strong></span> 
     </span>
     <span class='ocr_line' id='line_1_25' title="bbox 127 1790 1448 1846; baseline 0.002 -16"><span class='ocrx_word' id='word_1_162' title='bbox 127 1790 295 1842; x_wconf 61' lang='grc' dir='ltr'>-ύτιμοςζ</span> <span class='ocrx_word' id='word_1_163' title='bbox 349 1793 484 1846; x_wconf 87' lang='lat' dir='ltr'>Atque</span> <span class='ocrx_word' id='word_1_164' title='bbox 524 1795 587 1834; x_wconf 93' lang='lat' dir='ltr'>hic</span> <span class='ocrx_word' id='word_1_165' title='bbox 626 1808 740 1845; x_wconf 88' lang='lat' dir='ltr'>quem</span> <span class='ocrx_word' id='word_1_166' title='bbox 779 1798 993 1834; x_wconf 85' lang='lat' dir='ltr'>extremum</span> <span class='ocrx_word' id='word_1_167' title='bbox 1034 1794 1111 1833; x_wconf 86' lang='lat' dir='ltr'>dixi</span> <span class='ocrx_word' id='word_1_168' title='bbox 1149 1795 1357 1845; x_wconf 88' lang='lat' dir='ltr'>saepissime</span> <span class='ocrx_word' id='word_1_169' title='bbox 1392 1795 1448 1834; x_wconf 85' lang='lat' dir='ltr'>ita</span> 
     </span>
     <span class='ocr_line' id='line_1_26' title="bbox 126 1860 1448 1912; baseline -0.002 -14"><span class='ocrx_word' id='word_1_170' title='bbox 126 1860 247 1909; x_wconf 86' lang='lat' dir='ltr'>finxit,</span> <span class='ocrx_word' id='word_1_171' title='bbox 288 1865 332 1899; x_wconf 90' lang='lat' dir='ltr'>ut</span> <span class='ocrx_word' id='word_1_172' title='bbox 369 1862 409 1900; x_wconf 92' lang='lat' dir='ltr'>in</span> <span class='ocrx_word' id='word_1_173' title='bbox 448 1863 661 1912; x_wconf 88' lang='lat' dir='ltr'>posteriore</span> <span class='ocrx_word' id='word_1_174' title='bbox 701 1865 814 1911; x_wconf 87' lang='lat' dir='ltr'>parte</span> <span class='ocrx_word' id='word_1_175' title='bbox 848 1861 1079 1911; x_wconf 85' lang='lat' dir='ltr'>adjectivum</span> <span class='ocrx_word' id='word_1_176' title='bbox 1114 1861 1267 1899; x_wconf 87' lang='lat' dir='ltr'>verbale</span> <span class='ocrx_word' id='word_1_177' title='bbox 1294 1862 1333 1900; x_wconf 93' lang='lat' dir='ltr'>in</span> <span class='ocrx_word' id='word_1_178' title='bbox 1362 1875 1448 1906; x_wconf 77' lang='grc' dir='ltr'><strong><em>-τος</em></strong></span> 
     </span>
     <span class='ocr_line' id='line_1_27' title="bbox 126 1922 1449 1977; baseline -0.001 -12"><span class='ocrx_word' id='word_1_179' title='bbox 126 1930 304 1976; x_wconf 83' lang='lat' dir='ltr'>poneret:</span> <span class='ocrx_word' id='word_1_180' title='bbox 321 1922 564 1977; x_wconf 70' lang='grc' dir='ltr'>ιῖξιάγαστος,</span> <span class='ocrx_word' id='word_1_181' title='bbox 579 1924 795 1973; x_wconf 78' lang='grc' dir='ltr'><em>-άκουστος,</em></span> <span class='ocrx_word' id='word_1_182' title='bbox 811 1927 1031 1976; x_wconf 76' lang='grc' dir='ltr'><strong><em>-ιικρόατος,</em></strong></span> <span class='ocrx_word' id='word_1_183' title='bbox 1047 1925 1235 1976; x_wconf 79' lang='grc' dir='ltr'><em>-ἑραστος,</em></span> <span class='ocrx_word' id='word_1_184' title='bbox 1251 1923 1449 1974; x_wconf 79' lang='grc' dir='ltr'><strong><em>-οβίωτος,</em></strong></span> 
     </span>
     <span class='ocr_line' id='line_1_28' title="bbox 126 1989 1451 2043; baseline 0.001 -15"><span class='ocrx_word' id='word_1_185' title='bbox 126 1989 408 2040; x_wconf 71' lang='grc' dir='ltr'><em>-οθαύμαυ-τος,</em></span> <span class='ocrx_word' id='word_1_186' title='bbox 449 1989 637 2043; x_wconf 67' lang='grc' dir='ltr'><strong><em>-όκτῃτος,</em></strong></span> <span class='ocrx_word' id='word_1_187' title='bbox 670 1992 966 2040; x_wconf 79' lang='grc' dir='ltr'><em>-ομακάριστος,</em></span> <span class='ocrx_word' id='word_1_188' title='bbox 1000 1991 1308 2043; x_wconf 55' lang='grc' dir='ltr'><em>-ομνῃμόνευτος,</em></span> <span class='ocrx_word' id='word_1_189' title='bbox 1336 1989 1451 2029; x_wconf 79' lang='grc' dir='ltr'><em>-όπι-</em></span> 
     </span>
     <span class='ocr_line' id='line_1_29' title="bbox 127 2054 1452 2110; baseline -0.002 -15"><span class='ocrx_word' id='word_1_190' title='bbox 127 2071 234 2105; x_wconf 80' lang='grc' dir='ltr'><strong><em>στος,</em></strong></span> <span class='ocrx_word' id='word_1_191' title='bbox 280 2055 512 2105; x_wconf 73' lang='grc' dir='ltr'><em>-όσκεπτος,</em></span> <span class='ocrx_word' id='word_1_192' title='bbox 557 2055 866 2105; x_wconf 56' lang='lat' dir='ltr'>mammam-og,</span> <span class='ocrx_word' id='word_1_193' title='bbox 922 2056 1195 2108; x_wconf 76' lang='grc' dir='ltr'><strong><em>-οτέκμαρτος,</em></strong></span> <span class='ocrx_word' id='word_1_194' title='bbox 1249 2054 1452 2110; x_wconf 67' lang='grc' dir='ltr'><strong><em>-οφίλῃτυς</em></strong></span> 
     </span>
     <span class='ocr_line' id='line_1_30' title="bbox 126 2123 1447 2174; baseline -0.002 -10"><span class='ocrx_word' id='word_1_195' title='bbox 126 2124 337 2164; x_wconf 86' lang='lat' dir='ltr'>Poetarum</span> <span class='ocrx_word' id='word_1_196' title='bbox 377 2129 512 2164; x_wconf 87' lang='lat' dir='ltr'>autem.</span> <span class='ocrx_word' id='word_1_197' title='bbox 546 2125 676 2174; x_wconf 86' lang='lat' dir='ltr'>generi</span> <span class='ocrx_word' id='word_1_198' title='bbox 716 2124 909 2163; x_wconf 89' lang='lat' dir='ltr'>scribendi</span> <span class='ocrx_word' id='word_1_199' title='bbox 948 2124 1145 2174; x_wconf 87' lang='lat' dir='ltr'>grandiori</span> <span class='ocrx_word' id='word_1_200' title='bbox 1178 2128 1218 2163; x_wconf 90' lang='lat' dir='ltr'>et</span> <span class='ocrx_word' id='word_1_201' title='bbox 1243 2123 1447 2163; x_wconf 84' lang='lat' dir='ltr'>excelsiori</span> 
     </span>
     <span class='ocr_line' id='line_1_31' title="bbox 125 2188 1449 2243; baseline 0 -14"><span class='ocrx_word' id='word_1_202' title='bbox 125 2191 240 2241; x_wconf 89' lang='lat' dir='ltr'>hujus</span> <span class='ocrx_word' id='word_1_203' title='bbox 266 2192 371 2232; x_wconf 93' lang='lat' dir='ltr'>modi</span> <span class='ocrx_word' id='word_1_204' title='bbox 397 2193 611 2243; x_wconf 85' lang='lat' dir='ltr'>composita</span> <span class='ocrx_word' id='word_1_205' title='bbox 636 2205 714 2231; x_wconf 89' lang='lat' dir='ltr'>non</span> <span class='ocrx_word' id='word_1_206' title='bbox 741 2192 833 2230; x_wconf 89' lang='lat' dir='ltr'>satis</span> <span class='ocrx_word' id='word_1_207' title='bbox 860 2191 1039 2230; x_wconf 89' lang='lat' dir='ltr'>videntur</span> <span class='ocrx_word' id='word_1_208' title='bbox 1065 2191 1269 2241; x_wconf 83' lang='lat' dir='ltr'>placuisse.</span> <span class='ocrx_word' id='word_1_209' title='bbox 1325 2188 1449 2240; x_wconf 90' lang='lat' dir='ltr'>Apud</span> 
     </span>
     <span class='ocr_line' id='line_1_32' title="bbox 126 2257 1447 2307; baseline 0 -12"><span class='ocrx_word' id='word_1_210' title='bbox 126 2258 294 2306; x_wconf 85' lang='lat' dir='ltr'>tragicos</span> <span class='ocrx_word' id='word_1_211' title='bbox 334 2260 433 2297; x_wconf 91' lang='lat' dir='ltr'>enim</span> <span class='ocrx_word' id='word_1_212' title='bbox 474 2263 514 2297; x_wconf 88' lang='lat' dir='ltr'>et</span> <span class='ocrx_word' id='word_1_213' title='bbox 552 2258 768 2297; x_wconf 86' lang='lat' dir='ltr'>Pindarum</span> <span class='ocrx_word' id='word_1_214' title='bbox 807 2258 922 2307; x_wconf 88' lang='lat' dir='ltr'>plane</span> <span class='ocrx_word' id='word_1_215' title='bbox 962 2258 1102 2296; x_wconf 90' lang='lat' dir='ltr'>desunt</span> <span class='ocrx_word' id='word_1_216' title='bbox 1135 2257 1305 2307; x_wconf 86' lang='lat' dir='ltr'>exceptis</span> <span class='ocrx_word' id='word_1_217' title='bbox 1332 2257 1447 2295; x_wconf 86' lang='lat' dir='ltr'>Euri-</span> 
     </span>
     <span class='ocr_line' id='line_1_33' title="bbox 126 2319 1448 2376; baseline -0.003 -14"><span class='ocrx_word' id='word_1_218' title='bbox 126 2323 248 2372; x_wconf 85' lang='lat' dir='ltr'>pideis</span> <span class='ocrx_word' id='word_1_219' title='bbox 288 2322 485 2376; x_wconf 69' lang='grc' dir='ltr'><em>-όθρηνος,</em></span> <span class='ocrx_word' id='word_1_220' title='bbox 526 2321 729 2375; x_wconf 70' lang='grc' dir='ltr'><em>-οπενθής,</em></span> <span class='ocrx_word' id='word_1_221' title='bbox 770 2321 936 2373; x_wconf 80' lang='grc' dir='ltr'><em>-όχρεως</em></span> <span class='ocrx_word' id='word_1_222' title='bbox 961 2327 1002 2362; x_wconf 81' lang='lat' dir='ltr'>et</span> <span class='ocrx_word' id='word_1_223' title='bbox 1027 2323 1247 2372; x_wconf 86' lang='lat' dir='ltr'>Aeschyleo</span> <span class='ocrx_word' id='word_1_224' title='bbox 1288 2319 1448 2370; x_wconf 77' lang='grc' dir='ltr'><strong><em>-ὀμισος</em></strong></span> 
     </span>
    </p>
   </div>
   <div class='ocr_carea' id='block_1_3' title="bbox 129 2411 368 2418">
    <p class='ocr_par' dir='ltr' id='par_1_6' title="bbox 129 2411 368 2418">
     <span class='ocr_line' id='line_1_34' title="bbox 129 2411 368 2418; baseline 0 0"><span class='ocrx_word' id='word_1_225' title='bbox 129 2411 368 2418; x_wconf 95' lang='lat' dir='ltr'> </span> 
     </span>
    </p>
   </div>
   <div class='ocr_carea' id='block_1_4' title="bbox 229 2465 719 2503">
    <p class='ocr_par' dir='ltr' id='par_1_7' title="bbox 229 2465 719 2503">
     <span class='ocr_line' id='line_1_35' title="bbox 229 2465 719 2503; baseline 0.002 -6"><span class='ocrx_word' id='word_1_226' title='bbox 229 2466 257 2503; x_wconf 90' lang='lat'>¹)</span> <span class='ocrx_word' id='word_1_227' title='bbox 280 2465 394 2497; x_wconf 78' lang='lat' dir='ltr'>Potius</span> <span class='ocrx_word' id='word_1_228' title='bbox 416 2465 719 2498; x_wconf 83' lang='lat' dir='ltr'>determinativum.</span> 
     </span>
    </p>
   </div>
  </div>
 </body>
</html>
