1835 2968
979 710 1055 769 H.

675 825 980 910 Composita
1021 827 1350 910 possessiva.
1417 877 1421 880 a

457 969 549 1008 Hoc
575 973 644 1017 est,
671 972 716 1008 ut
736 969 820 1019 jam
846 982 966 1020 supra
991 971 1049 1021 (p.
1080 970 1120 1020 1)
1144 969 1315 1008 breviter
1332 969 1554 1019 significavi,
1572 970 1675 1008 inter

357 1036 675 1085 compositionem
698 1035 1032 1075 determinativam
1051 1040 1091 1075 et
1109 1036 1363 1085 possessivam
1383 1035 1599 1084 discrimen,
1618 1039 1674 1084 ut,

355 1114 476 1152 quum
503 1104 669 1151 utraque
696 1101 838 1152 prioris
863 1101 967 1142 illius
992 1115 1085 1153 pars
1111 1114 1157 1141 eo
1184 1114 1343 1140 munere
1369 1100 1564 1151 fungatur,
1597 1113 1674 1151 quo

354 1180 425 1217 per
463 1180 504 1206 se
543 1168 629 1218 ipsa
666 1167 803 1207 functa
841 1172 900 1207 est
938 1165 1189 1219 (κακογείτων
1227 1167 1353 1207 malus
1391 1168 1567 1218 vicinus),
1600 1167 1674 1206 hac

353 1233 481 1273 altera
506 1233 785 1284 compositione
811 1246 912 1273 nova
937 1234 1043 1273 notio
1069 1233 1250 1282 fingatur,
1278 1233 1335 1272 ita
1358 1236 1403 1272 ut
1420 1233 1673 1284 compositum

354 1299 425 1340 fiat
449 1299 661 1350 appellatio
680 1301 775 1351 ejus,
795 1301 862 1350 qui
879 1300 1045 1340 alteram
1061 1304 1214 1350 partem
1233 1299 1359 1339 altera
1378 1300 1674 1352 determinatam

353 1366 499 1406 habeat
537 1362 808 1417 (ἁβροδίαιτος
846 1367 964 1406 vitam
1002 1366 1157 1405 mollem
1196 1367 1365 1417 gerens).
1425 1366 1464 1406 N
1466 1379 1516 1406 on
1555 1366 1674 1415 igitur

353 1432 546 1472 alterutra
583 1432 755 1482 partium
793 1445 840 1472 eo
879 1444 1039 1471 munere
1077 1431 1262 1481 fungitur,
1303 1445 1380 1482 quo
1418 1445 1490 1482 per
1521 1444 1562 1471 se
1587 1432 1673 1482 ipsa

352 1498 490 1537 functa
527 1501 597 1547 est,
637 1511 763 1548 neque
797 1498 881 1548 jam
921 1511 993 1548 per
1031 1511 1072 1536 se
1110 1499 1197 1548 ipsa
1225 1511 1366 1538 nomen
1392 1501 1461 1546 est,
1489 1497 1555 1536 sed
1583 1510 1672 1537 con-

349 1564 496 1614 junctis
534 1563 711 1614 partibus
750 1565 856 1603 tertii
895 1563 1095 1614 cujusdam
1135 1563 1366 1603 attributum
1405 1563 1585 1613 efficitur,
1615 1564 1672 1603 ita.

353 1632 399 1668 ut
435 1632 568 1679 partes
599 1630 702 1667 inter
734 1642 775 1667 se
807 1629 942 1669 relatae
968 1629 1084 1668 alicui
1110 1629 1375 1668 attribuantur
1401 1630 1464 1679 (ut
1488 1630 1528 1667 in
1554 1642 1671 1666 κακο-

353 1691 503 1742 δαίμων
528 1690 549 1746 ἡ
575 1697 642 1732 τοῦ
669 1692 853 1742 δαίμονος
878 1691 1042 1746 κακότης
1067 1695 1214 1734 homini
1239 1695 1468 1734 attributum
1496 1696 1585 1745 est).

456 1760 535 1801 Sed
578 1773 655 1810 quo
699 1759 815 1799 modo
853 1764 942 1800 orta
980 1761 1058 1800 sint
1095 1761 1310 1811 possessiva
1347 1761 1571 1811 composita,
1611 1760 1670 1800 his

351 1828 446 1878 ipsis
482 1826 721 1877 temporibus
759 1827 800 1865 in
831 1827 990 1866 dubium
1021 1831 1201 1867 vocatum
1226 1832 1296 1866 est.
1350 1827 1455 1866 Nam
1482 1839 1529 1866 ea
1554 1831 1670 1867 antea

353 1894 566 1933 communis
605 1893 681 1933 fuit
718 1894 849 1943 opinio
888 1893 979 1932 inde
1006 1906 1030 1932 a
1054 1894 1246 1944 principio
1277 1893 1556 1944 adjectivorum
1582 1893 1669 1934 loco

353 1959 530 1999 adhibita
542 1973 637 1999 esse.
670 1960 728 1999 Ut
746 1959 923 1999 Curtius:
943 1959 1030 1998 ”der
1048 1960 1167 1998 durch
1185 1960 1246 1997 die
1257 1960 1670 2013 ⁴e·usammm-‹setmmff‚

351 2026 490 2076 inquit,
516 2025 787 2065 ”ent-standene
813 2038 909 2065 neue
934 2025 1094 2075 Beyrq'ff
1115 2025 1213 2064 wird
1239 2026 1359 2064 einem
1382 2025 1530 2064 andern
1552 2029 1670 2065 worte

352 2092 417 2131 als
443 2091 699 2141 Eiyenschaft
726 2092 929 2141 beiqeleqffi
947 2093 990 2143 ¹).

455 2156 591 2207 Atque
618 2158 734 2197 etiam
760 2158 884 2209 Leop.
911 2157 1109 2199 Schriider
1128 2157 1229 2197 hanc
1247 2170 1272 2196 a
1290 2156 1593 2198 determinativis
1617 2158 1669 2199 ad

351 2226 565 2276 possessiva
602 2226 945 2274 transgressionem
984 2228 1117 2264 censet
1153 2224 1318 2275 positam
1345 2223 1443 2274 ”auf
1463 2224 1545 2263 dem
1573 2225 1668 2264 heim

353 2291 557 2330 bahuvrihi
604 2290 965 2330 hinzukommenden
1010 2290 1169 2337 formell
1216 2290 1322 2329 nicht
1365 2290 1668 2339 ausyedricckten

352 2361 537 2397 momente
579 2357 647 2396 der
689 2357 983 2406 adjectivi-selaeu
1029 2356 1252 2406 beziehunffl
1268 2357 1315 2408 ²).
1376 2355 1525 2396 Contra
1563 2357 1667 2407 quod

456 2470 484 2507 ¹)
505 2467 634 2501 Erlfiut.
655 2478 688 2509 p.
713 2468 783 2501 153.

454 2519 482 2562 ²)
503 2518 601 2553 ceth.
621 2529 655 2562 p.
679 2519 751 2554 128.
