1835 2968
790 210 839 247 83

259 311 458 351 Homerus
499 310 540 348 in
583 308 724 348 talibus
766 308 993 348 adhibendis
1037 309 1150 349 valde
1192 322 1334 359 parcus
1373 309 1463 349 fuit:

159 373 339 424 εἶέχαλκος
377 372 522 426 (ἀξίνη,
565 370 783 425 τρίποδες),
828 371 1080 426 ἲππιοχαίτης
1120 370 1291 427 (λόφος).
1342 375 1465 426 Soph:

158 438 360 489 αὖτόξυλος
383 437 596 488 (ἔκπωμα).

259 567 294 603 6.
359 561 616 612 Compositum
666 563 719 602 ad
765 563 1042 613 maynitudinis
1083 566 1154 603 aut
1196 563 1468 602 diuturnitatis

157 630 307 668 modum
349 628 628 667 terminandum
666 628 880 676 adhibetur,
913 629 971 667 ita
1002 632 1046 667 ut
1070 629 1256 677 siynfficet
1281 631 1467 678 quantum

157 695 208 734 ad
233 696 403 745 spatium
430 698 500 734 aut
526 694 599 734 loci
623 698 694 734 aut
721 695 900 744 temporis
925 694 1077 745 aliquid
1093 695 1303 744 pertineat.

258 787 340 826 Ae:
368 784 557 833 πάννυχος
582 786 620 825 11.
648 800 750 837 pers.
779 789 852 825 382
871 795 981 830 (π-οι
1000 784 1273 833 καθίστασαν),
1290 784 1469 838 μυριετῆς

156 853 206 893 al.
233 867 292 904 pr.
321 855 370 891 94
395 848 574 901 (χρόνον).
767 855 770 858 ’

257 929 308 969 Ρ;
337 920 607 976 ἓκατόμττεδος
631 928 669 968 11.
695 930 796 968 istm.
815 928 866 978 V,
886 931 931 968 21
961 925 1186 975 (κέλευθοι),
1212 928 1248 967 h.
1265 925 1328 974 fot
1346 927 1467 979 breed),

155 991 467 1044 ἑκατοντόργυιος
493 994 540 1033 fr.
571 998 643 1034 110
669 991 875 1045 (ἀνδριάς),
903 990 1169 1045 ὁωδεκάμηιός
1194 994 1232 1033 11.
1260 1007 1359 1033 nem.
1386 994 1468 1043 XI,

159 1064 205 1100 10
244 1059 369 1106 (τέλος
411 1060 586 1112 dmbete),
631 1058 904 1111 ἑκατονταετής
935 1064 1025 1111 pyt.
1071 1060 1146 1113 IV,
1190 1063 1265 1099 282
1308 1062 1469 1116 (βιοτᾷ),

156 1122 287 1177 ἑξέτης
325 1126 504 1164 h.„nem.
533 1125 616 1175 III,
655 1128 716 1164 47⁴
744 1126 830 1175 (sex
855 1126 903 1164 ἄν
925 1125 1126 1177 yammal)‚
1154 1122 1393 1175 πεντάμερος
1418 1125 1468 1164 01.

156 1191 206 1240 V,
234 1194 257 1230 6
284 1187 507 1240 (ἁμίλλαις),
535 1189 781 1245 ττενταετηρίς
806 1187 870 1231 al(
885 1191 932 1231 fr.
961 1194 1034 1232 205
1061 1188 1223 1242 (ἑορτά),
1251 1190 1300 1231 01.
1320 1190 1401 1241 XI,
1421 1194 1469 1232 59

156 1255 337 1312 (ἑορτάν),
377 1270 458 1297 som
484 1258 591 1308 firas
629 1258 741 1297 hvart
776 1257 893 1306 femte
926 1259 984 1304 ἅν,
1019 1258 1258 1306 femdrsfest,
1283 1255 1470 1310 τριετηρίς

154 1324 203 1363 al.
249 1314 346 1363 nem.
387 1324 462 1374 VI,
501 1327 556 1363 41v
595 1324 838 1375 (substantivi
876 1324 1020 1369 vicibus
1058 1325 1262 1376 fungitur),
1305 1321 1470 1376 χιλιετής

98 1394 102 1410 ³
154 1391 204 1431 al.
232 1391 280 1431 fr.
310 1394 394 1430 156.

255 1465 387 1516 Hujus
418 1467 569 1516 generis
600 1467 828 1517 composita·
844 1466 948 1517 apud
975 1466 1193 1506 Homerum
1219 1465 1342 1505 multa
1365 1466 1467 1505 inve-

135 1533 314 1588 niuntur
338 1536 379 1572 et
403 1526 558 1583 quidem
583 1532 704 1572 multo
730 1532 845 1585 plura
869 1533 925 1573 ita
949 1532 1053 1582 ficta,
1079 1536 1124 1574 ut
1147 1532 1279 1583 priore
1295 1533 1336 1571 in
1353 1536 1466 1583 parte

154 1598 393 1638 vocabulum·
420 1598 617 1638 numerale
655 1602 880 1649 poneretur:
922 1595 1341 1647 δυωκαιεικοσίμετρος,
1367 1598 1466 1636 δυω-

153 1661 477 1716 καιεικοσίπηχυς,
513 1660 790 1712 {aurbun-2609,
827 1660 1167 1711 ἓκκαιδεκάδωρος,
1198 1659 1465 1716 ἑνδεκάπηχυς,

154 1726 407 1781 ἐννεάπηχυς,
425 1724 664 1780 ἐννεόργυιος,
696 1726 935 1781 ἓπταπόὸης,
968 1727 1234 1779 πενταέτηρος,
1261 1742 1465 1780 πεντηκον-

153 1791 296 1843 τόγυος,
334 1793 547 1845 τετράγυος,
585 1792 846 1844 πολυχρόνιος.
900 1794 1074 1845 Quorum
1100 1794 1151 1833 ad
1177 1794 1463 1834 similitudinem

153 1859 349 1900 Pindarus
385 1861 542 1911 quidem
569 1860 756 1901 nonnulla
781 1859 903 1910 finxit,
931 1866 1067 1900 contra
1092 1860 1197 1911 apud
1225 1859 1462 1912 Aeschylum

152 1937 274 1976 prope
300 1927 415 1976 plane
442 1928 591 1966 desunt.
645 1926 770 1975 Soph:
799 1924 1004 1976 πάμμηνος
1030 1923 1171 1970 (αἰών).

257 2063 290 2098 7.
349 2059 606 2108 Compositum
644 2060 837 2108 siynq‘ficat
871 2063 1022 2108 partem
1053 2063 1123 2098 aut
1154 2059 1392 2109 qualitatem,
1420 2064 1463 2098 ut

152 2125 267 2174 ajunt
303 2125 438 2173 nostri,
479 2124 563 2174 ejus
600 2125 774 2175 subjecti,
805 2125 858 2164 ad
889 2125 991 2176 quod
1014 2125 1262 2174 compositum
1280 2125 1461 2174 pertinet.

254 2229 289 2255 a.
343 2211 446 2256 Pars
468 2218 659 2266 posterior
684 2217 895 2266 saepissime
916 2217 1109 2266 siynificat
1121 2219 1274 2266 partem
1291 2217 1462 2265 corporis

152 2282 395 2333 (membrum,
422 2287 551 2334 caput,
578 2283 727 2334 faciem,
754 2284 919 2333 oculum,
950 2283 1170 2335 palpebras,
1197 2296 1251 2333 os,
1279 2283 1459 2332 linguam,

152 2349 318 2398 dentem,
344 2362 471 2398 genas,
491 2351 685 2401 capillum,
703 2351 876 2400 barbam,
894 2363 1061 2399 manum,
1079 2350 1292 2399 brachium,
1310 2349 1459 2400 pedem,

151 2419 313 2466 tergum,
353 2420 500 2467 pectus,
540 2420 724 2467 ventrem,
764 2416 875 2466 latus,
916 2418 1151 2468 sanguinem,
1183 2416 1298 2466 alam,
1324 2428 1457 2466 cornu,

150 2494 329 2533 unguem,
355 2482 513 2530 lanam).
