1835 2968
765 189 844 228 -103

148 289 306 344 ἕγκοτος
335 289 385 328 al.
412 288 473 327 oh.
502 289 576 326 392
614 283 798 338 (στύγος),
825 290 900 328 924
923 285 1082 339 (κύνας),
1108 285 1292 334 ἐπίκοτος
1320 288 1371 329 al.
1397 302 1458 340 pr.

148 354 234 398 602
248 353 432 407 (μήδεσι),
458 356 554 403 sept.
584 355 656 391 786
682 348 828 404 (ἀράς),
855 355 916 393 oh.
944 356 1018 393 628
1041 350 1201 404 (ἀνδρί),
1226 351 1460 404 παλίγκοτος
1509 376 1512 379 -

147 424 197 463 al.
236 435 295 471 ag.
336 422 410 459 863
449 414 681 469 (κληδόνας),
713 420 783 457 571
820 415 978 470 (τύχης),
1011 432 1095 470 sup.
1123 422 1197 457 376
1222 420 1325 465 (τοῖς
1350 418 1460 468 ἐμοῖς

147 493 289 534 π-οις),
313 482 570 535 ὕπὲρκοτοςῑ)
596 496 656 533 ag.
676 481 954 534 822’(πάγας),
979 481 1187 536 βαρύμηνις
1203 489 1259 536 pt.
1278 498 1339 535 ag.
1360 489 1458 526 1482

146 550 357 600 (δαίμονα),
384 546 584 600 δίφροντις
609 549 670 588 oh.
700 552 784 597 196,
811 546 993 594 δύσελπις
1017 550 1068 589 al.
1086 550 1147 589 oh.
1165 553 1253 600 412,
1280 546 1459 603 ἄφθονος

145 620 183 658 h.
223 630 283 666 ag.
325 618 398 655 305
437 613 590 664 (μένει),
619 612 841 666 ἐπίφθονος
866 614 915 654 al.
944 627 1003 664 ag.
1033 618 1104 654 135
1136 611 1249 666 (οἷ’κῳ
1275 615 1347 666 γὰρ
1374 614 1459 662 ἒ-ος

143 680 350 733 Ἄρτεμις),
390 694 490 720 eum.
518 683 592 719 376
630 674 884 730 (ὄρχησμοῖς),
916 692 1001 730 sup,
1028 683 1099 719 201
1128 679 1279 730 (γένος),
1306 677 1460 726 εῗὲελπις

144 749 194 789 al.
221 761 280 798 pr.
309 749 395 796 509,
422 742 641 797 περίφοβος
666 744 715 784 al.
743 757 827 795 sup.
857 747 941 785 736.

130 860 133 862 ⁴
246 814 299 853 P:
339 807 509 862 ἀταρβής
546 811 584 850 h.
611 814 691 862 pyt.
719 810 769 860 V,
797 813 844 850 51
885 807 1040 863 (φρενί),
1073 811 1155 860 ΙΧ,
1181 814 1230 850 32
1261 811 1458 864 (κεφαλᾷ),

144 876 323 931 ἄφθονος
360 878 398 916 h.
439 877 489 916 ol.
527 876 597 925 VI,
640 880 660 915 7
700 873 873 924 (ἀστῶν),
913 876 971 925 Π,
1006 879 1079 915 104
1119 872 1340 925 (ἆ-ἑστερον
1364 875 1458 925 χέρα

140 943 355 993 ῙήῙεοεέίρ),
394 942 443 981 fr.
471 944 521 980 94
558 937 695 990 (βοράν
725 940 873 992 rikliy),
911 936 1065 992 ἄφοβος
1102 941 1154 981 al.
1179 942 1280 980 istm.
1307 940 1382 990 IV,
1408 943 1460 980 44

143 1005 427 1057 (στράταρχον),
454 1003 637 1051 ἐπίκοτος
662 1005 712 1045 al.
739 1005 787 1045 fr.
815 1009 890 1045 228
915 1003 1097 1053 (στάσιν),
1123 1003 1285 1054 ζάκοτος
1301 1006 1340 1045 h.
1358 1019 1458 1046 nem.
1538 1061 1541 1064 Δ

145 1074 219 1123 VI,
247 1076 295 1113 55
321 1068 496 1122 (ἔγχεος),
521 1071 570 1110 fr.
600 1074 658 1121 74,
686 1083 726 1114 10
750 1069 908 1119 (ὕδατι),
934 1069 1168 1121 παλίγκοτος
1193 1072 1243 1111 al.
1262 1072 1312 1111 ol.
1331 1072 1390 1121 ΙΙ,
1410 1075 1459 1112 22

143 1141 300 1191 (πῆμα),
325 1151 425 1177 nem.
452 1137 527 1187 IV,
554 1141 614 1177 96.

244 1204 376 1255 Hujus
414 1204 565 1253 generis
603 1204 691 1254 (10)
721 1204 935 1254 composita
960 1208 1001 1243 et
1025 1204 1182 1254 quidem
1207 1205 1372 1243 maxime
1398 1217 1457 1254 ea,

143 1283 309 1320 quorum
346 1271 538 1320 posterior
575 1283 668 1320 pars
706 1269 897 1318 significat
934 1282 1087 1317 sonum,
1127 1282 1266 1316 υοεεηι,
1304 1269 1356 1309 ad
1395 1283 1458 1309 res

143 1349 244 1387 saepe
287 1335 592 1384 transferuntur,
641 1336 698 1375 ita
740 1339 785 1375 ut
827 1335 1005 1385 quaedam
1046 1335 1332 1386 personifioatio
1376 1336 1456 1376 fiat.

142 1400 282 1451 Neque
320 1414 411 1440 raro
450 1401 491 1439 id
531 1414 681 1450 nomen,
721 1413 888 1451 quocum
926 1402 1180 1452 compositum
1208 1401 1457 1451 conjunctum

142 1470 212 1514 est,
251 1466 414 1505 eandem
453 1467 535 1505 fere
557 1517 559 1519 ‚
579 1479 696 1516 quam
739 1466 854 1517 hujus
896 1467 1089 1516 posterior
1132 1479 1225 1516 pars
1267 1466 1457 1516 significa-

141 1532 285 1571 tionem
311 1531 441 1571 habet.

242 1597 335 1637 Non
376 1598 506 1637 omnia
544 1611 631 1647 quae
669 1597 745 1637 huo
784 1597 900 1636 retuli
944 1598 1158 1648 composita
1202 1610 1357 1637 neeesse
1396 1602 1457 1638 est

141 1663 357 1712 significent
394 1663 445 1712 id,
487 1663 592 1713 quod
629 1664 714 1713 quis
752 1676 886 1712 gerere
925 1663 1126 1712 cogitetur.
1179 1663 1349 1703 Possunt
1377 1663 1456 1703 alia.

141 1728 255 1767 aliter
279 1729 458 1777 intelligi:
493 1725 819 1779 ,uafflaxdmwvoffi
846 1726 1120 1780 μελίφθογγος,
1146 1725 1348 1778 μελίγαρυς
1373 1741 1454 1768 som

141 1793 214 1832 har
253 1807 299 1833 en
339 1793 421 1842 ljuf
455 1796 632 1839 stamma,
665 1793 1018 1843 honunqsstc'imma,
1051 1794 1137 1833 med
1162 1794 1187 1832 l.
1214 1796 1263 1832 st.
1289 1793 1455 1843 siunqen

140 1855 283 1907 (ὕμνος,
323 1855 468 1906 ἀοιδά),
501 1856 706 1911 ὁμόφωνος
730 1860 995 1909 samstiimmiy
1020 1855 1208 1906 (αἴλινον),
1235 1856 1456 1911 πάμφωνος

140 1923 191 1970 as
209 1924 295 1963 alla
320 1928 369 1963 st.
396 1925 561 1974 sjunqen
585 1922 745 1972 (μέλος),
784 1921 1053 1976 ἱππιοχάρμης
1083 1921 1215 1969 κλόνος
1245 1924 1346 1962 larm
1371 1936 1453 1963 som

140 1992 189 2029 ἄν
210 1990 394 2037 fdrenadt
419 1991 504 2030 med
528 1991 631 2029 strid
656 1990 718 2028 till
742 1990 844 2033 locist,
870 1986 1141 2039 χαλκοχάρμας
1167 1987 1339 2038 πόλεμος
1356 1989 1453 2039 lersy,

140 2056 155 2093 i
179 2056 320 2095 hvilket
345 2068 437 2095 man
462 2056 625 2104 kdmpar
650 2056 665 2093 i
690 2055 1028 2104 kopparrustnin9‚
1060 2051 1351 2105 γυναικόποινος
1375 2051 1453 2093 πό-

141 2120 256 2171 λεμος
293 2123 514 2172 hdmdekriq
549 2122 616 2169 fiir
654 2134 699 2161 en
739 2121 890 2165 levium,
931 2117 1066 2167 ὄίδικος
1095 2121 1268 2168 ονᾶέίυἱ3,
1282 2136 1289 2144 ·
1302 2115 1453 2171 ὂξὺγοοι

140 2185 244 2225 λιταί
269 2188 386 2228 boner
409 2200 491 2227 som
518 2188 625 2226 besta
650 2187 666 2225 z·
690 2186 818 2236 luistiq
843 2186 999 2235 Ιιῑαραη,
1027 2186 1087 2225 cfr
1112 2200 1150 2237 p.
1180 2189 1238 2225 74.

241 2254 391 2294 Eorum
418 2267 504 2304 quae
529 2266 649 2303 supra
673 2253 761 2303 (10)
787 2253 1008 2291 enumeravi
1025 2253 1326 2303 compositorum
1345 2251 1451 2302 apud

141 2318 380 2369 Aeschylum
418 2319 469 2359 ad
504 2321 577 2358 100
602 2321 703 2367 sunt,
730 2331 778 2357 ex
805 2330 882 2367 quo
907 2330 1068 2357 numero
1093 2330 1221 2367 pauca
1244 2321 1337 2356 ante
1361 2329 1451 2356 eum

243 2458 272 2496 ¹)
292 2457 434 2491 Inoertae
454 2456 531 2491 fidei
552 2457 747 2491 vocabulum
768 2457 836 2499 (D).
