1835 2968
0 0 247 42 Ηέἣῑῐῖωᾜῑῑῑ·
256 0 271 19 ’·»
395 0 440 24 ,·<
484 0 491 6 ’

0 29 87 70 23ae
132 30 207 75 -z-j·
254 42 262 49 κ
426 31 428 33 ’

4 72 56 93 2¹:-
81 80 92 92 Ἰ
111 71 115 76 ·

784 217 833 253 29

147 330 249 369 pers·
275 318 364 364 453,
391 310 540 360 ἕνόδίος
565 314 602 354 h·
621 328 682 365 pr.
700 317 788 365 487,
815 313 986 363 ἐξαίσιος
1009 317 1047 356 11.
1067 330 1151 367 sup.
1171 318 1259 365 514,
1287 313 1467 362 ἐπέτειος
1538 338 1539 341 =

148 383 198 423 al.
231 395 291 431 ag.
336 382 446 429 1016,
487 375 706 428 ε’πιβώμιος
722 381 782 420 al.
809 381 858 421 fr.
886 384 946 431 22,
973 394 1009 430 a,
1036 379 1240 427 καταίσιος
1266 394 1326 431 ag.
1357 384 1467 432 1598,

148 445 342 498 παράλιος
381 447 430 486 al.
469 459 529 496 pr.
571 449 657 495 573,
697 445 922 496 προτέλειος
939 449 971 498 ¹)
997 449 1046 487 al.
1074 461 1134 497 ag.
1163 452 1224 494 65,
1253 444 1469 497 ὑπαίθριος

148 517 198 557 al.
238 529 298 566 pr.
341 516 425 562 113,
466 525 525 561 ag.
567 515 652 560 335,
692 508 951 561 ὑπερπόντιος
989 514 1039 553 al.
1079 527 1139 563 ag.
1171 517 1259 564 414,
1292 527 1377 565 sup.
1404 517 1465 564 42,

146 579 337 631 ὑπόγαιος
362 579 412 618 al.
439 579 486 617 fr.
516 580 576 626 55,
605 589 656 619 10.

249 647 328 685 Pg*
345 642 548 693 ἐναγώνιος
574 644 611 682 11.
639 647 718 693 pyt.
746 644 804 692 ΙΙ,
835 647 894 692 10,
920 657 1019 683 nem.
1047 646 1121 694 VI,
1152 649 1210 694 13,
1251 642 1402 691 ἐνάλιος
1427 647 1465 685 11.

148 717 226 764 pyt.
255 712 330 760 IV,
359 714 418 758 39,
446 707 612 757 ἐννύχιος
639 710 675 747 11.
702 713 782 760 pyt.
810 709 893 759 III,
923 714 982 759 79,
1017 708 1188 759 ἐνόρκιος
1214 711 1262 750 ol.
1290 711 1349 761 II,
1382 714 1466 761 101,

149 776 376 826 ἕπαυχένιος
416 781 469 826 pt.
511 781 589 827 pyt.
631 776 689 824 II,
730 779 790 825 93,
831 773 1062 823 ἐπιχθόνιος
1099 777 1137 815 11.
1178 777 1228 816 01.
1263 778 1362 826 VII,
1404 778 1465 828 51,

149 841 379 889 ἐπουράνιος
418 842 453 880 11.
495 842 543 880 fr.
585 845 644 890 97,
679 852 710 890 4,
751 841 958 890 περιδαῖος
995 841 1044 879 fr.
1074 842 1157 890 126,
1181 852 1211 890 2,
1251 840 1468 892 ὑπαίθριος

148 911 197 949 al.
239 910 288 949 ol.
321 908 396 957 VI,
438 912 497 957 61,
539 904 798 958 ὑπερπόντιος
836 908 886 947 al.
926 911 1005 960 pyt.
1041 907 1092 957 V,
1133 911 1193 958 59,
1233 905 1467 957 ὑπουράνιος

148 977 185 1015 11.
214 977 262 1014 fr.
292 979 352 1023 97,
377 986 406 1016 1.

251 1042 406 1081 Horum
434 1041 603 1079 omnium
631 1041 822 1091 simplicia
847 1044 928 1080 tam
954 1044 1108 1079 vetusta
1133 1045 1235 1090 sunt,
1263 1045 1318 1090 ut,
1346 1054 1465 1092 quum

148 1110 404 1160 compositum
444 1107 667 1156 fingeretur,
708 1107 872 1157 simplex
903 1120 1058 1157 quoque
1084 1111 1267 1156 exstaret,
1295 1109 1466 1159 exceptis

148 1176 370 1215 Homericis
409 1161 606 1212 vocabulis
646 1170 822 1220 ἐννύχιος,
863 1170 1095 1220 ἐπιχθόνιος
1125 1174 1308 1224 (quorum
1334 1178 1465 1214 tamen

147 1242 337 1292 simplicia
376 1245 466 1279 sunt
504 1240 608 1290 apud
649 1239 897 1290 Hesiodum),
944 1237 1107 1284 ἓνόδιος
1133 1241 1264 1290 (cujus
1303 1241 1467 1291 simplex

147 1308 253 1358 apud
297 1306 536 1356 Aeschylum
579 1307 748 1355 primum
790 1306 986 1344 invenitur
1018 1328 1064 1334 --
1099 1305 1204 1356 apud
1248 1305 1466 1345 Homerum

146 1379 277 1414 tamen
304 1386 445 1412 nomen
463 1373 663 1423 proprium
686 1368 844 1422 Ὀδίος),
863 1375 903 1410 et
921 1372 1141 1422 Aeschyleo
1160 1372 1227 1411 illo
1247 1369 1468 1420 ἑπιβιόμιος

145 1441 275 1491 (cujus
300 1443 431 1479 tamen
457 1438 621 1488 simplex
647 1441 706 1476 est
732 1437 838 1488 apud
864 1437 1126 1488 Sophoclem).

249 1507 299 1546 In
343 1518 504 1545 numero
549 1505 849 1554 compositorum
889 1505 930 1542 in
969 1518 1212 1554 ·1og‘pauca
1250 1508 1341 1543 sunt
1379 1517 1466 1554 quae

146 1574 322 1612 derivata
365 1573 442 1610 sint
484 1570 758 1609 existimanda:
812 1571 892 1609 Ae:
934 1565 1158 1619 ἀγανόρειος
1200 1584 1302 1621 pers.
1353 1573 1463 1619 1028,

146 1635 433 1690 προστατήριος
459 1637 509 1676 al.
537 1649 597 1685 ag.
626 1638 713 1674 976.

247 1704 299 1744 P:
327 1699 544 1752 ἀμβρόσιος
569 1702 607 1742 11.
634 1714 734 1741 nem.
764 1701 886 1750 VIII,
917 1704 951 1740 1.

247 1771 298 1810 Ι11
316 1770 494 1809 omnibus
512 1782 598 1818 quae
617 1768 839 1807 enumeravi
857 1769 1081 1818 compositis
1099 1770 1139 1808 in
1158 1782 1240 1815 -ιος
1253 1770 1362 1820 prior
1375 1782 1468 1820 pars

144 1852 216 1889 per
240 1850 281 1876 se
299 1837 386 1887 ipsa
411 1834 636 1874 adverbium
655 1837 715 1872 est
739 1835 928 1884 (exceptis
953 1831 1186 1882 βαθυχάιος,
1213 1833 1468 1886 πανάθλιος).

248 1904 460 1955 Adjectiva
497 1903 538 1941 in
570 1915 652 1947 -ιος
681 1902 834 1950 generis
860 1901 1147 1941 determinativi
1173 1914 1293 1952 quum
1319 1900 1465 1941 Aesch.

145 1984 222 2010 non
261 1984 388 2021 pauca
426 1971 564 2019 (supra
602 1969 668 2018 20)
697 1967 865 2016 finxerit,
893 1971 1032 2007 contra
1057 1967 1253 2006 Pindarus
1279 1968 1466 2018 majorem

143 2041 298 2088 partem
324 2036 374 2076 ab
400 2035 486 2076 aliis
513 2033 768 2086 scriptoribus
794 2034 971 2085 sumpsit.
1425 2033 1427 2035 ’

194 2148 197 2151 ,
246 2104 445 2143 Homerus
472 2103 554 2140 haec
580 2101 698 2140 habet
722 2102 913 2151 exempla:
942 2097 1125 2147 ἀναίτιος,
1153 2097 1344 2147 ἀντάξιος,
1363 2098 1468 2137 ἐναν-

144 2166 238 2216 τίος,
265 2164 401 2215 ἔνδιος,
428 2164 603 2214 εἰνάλιος,
631 2163 807 2214 ἐννύχιος,
835 2163 1056 2216 ἐναλίγκιος,
1084 2163 1263 2213 ἐνδέξιος,
1286 2162 1467 2215 ἐναίσιος,

145 2223 329 2283 ἐξαίσιος,
370 2231 586 2284 ἐπιδήμιος,
617 2230 858 2280 ἐπιχθόνιος,
891 2229 1131 2281 ἐπουράνιος,
1159 2228 1349 2279 ἐπαίτιος,
1377 2229 1468 2269 ἑπι-

145 2298 286 2348 δέξιος,
313 2295 574 2347 κατακαίριος,
600 2295 848 2349 μεταδήμιος,
866 2295 1013 2349 νήπιος,
1031 2293 1275 2347 ὑπουράνιος,
1294 2293 1468 2348 ὓπηοῖος,

145 2364 419 2416 παλιρρόθιος,
446 2361 659 2413 πανόλβιος
683 2388 734 2393 -
759 2361 1010 2415 ὶππηλάσιος,
1039 2362 1267 2409 θεσπέσιος.

248 2508 275 2550 ¹)
297 2506 504 2540 substantivi
525 2506 651 2539 vicibus
671 2505 833 2549 fungitur.
899 2511 902 2514 ⁴
