1835 2968
726 209 797 245 127

203 311 285 351 ΙΙΙ.
338 310 433 349 Jam
472 312 715 347 transeamus
753 307 804 346 ad
843 321 891 347 ea
928 307 1158 358 exponenda
1191 310 1414 359 composita,

103 399 267 439 quorum
295 375 443 426 altera
473 385 581 435 pars
612 375 680 422 est
711 373 847 435 stirps
878 374 1074 423 verbalis
1106 386 1203 435 0111oe
1225 374 1415 424 alteram

102 456 246 515 rogat.
301 461 390 512 Qua
414 462 454 498 in
482 473 526 498 re
553 459 630 498 duo
656 463 747 497 sunt
772 472 916 507 genera
942 460 1223 509 distinguenda.

207 563 239 598 1.
294 558 425 597 Unum
465 559 524 595 est
562 568 707 604 eorum,
749 568 913 605 quorum
953 556 1073 606 prior
1103 567 1205 606 pars
1237 558 1417 607 posteri-

103 635 222 665 orem
251 623 376 672 regit.

204 707 262 746 Ut
287 719 335 744 ea
360 718 446 754 quae
473 718 592 754 supra
618 706 776 754 exposui
796 704 1062 753 dependentiae
1081 707 1294 754 composita
1311 706 1419 745 dubi·

103 779 227 813 tatum
253 775 312 810 est
337 783 386 809 an
414 770 528 809 aliter
555 773 683 808 essent
709 769 1014 820 interpretanda,
1040 770 1095 808 ita
1121 783 1169 809 ne
1196 770 1312 821 hujus
1337 772 1420 821 qui·

104 840 191 878 dem
229 837 380 886 generis
414 836 715 885 compositorum
754 837 856 874 inter
894 840 1026 885 partes
1060 849 1145 885 quae
1177 837 1278 876 ratio
1303 838 1419 876 inter-

104 899 218 944 cedat
255 903 347 941 satis
387 905 540 940 constat
577 902 680 939 inter
719 902 821 939 viros
854 901 999 940 doctos.
1053 900 1188 950 Atque
1214 903 1316 941 inter
1342 915 1420 950 eos,

78 1001 81 1005 .
105 970 170 1020 qui
209 967 416 1015 verbalem,
457 971 501 1005 ut
539 966 661 1016 ajunt,
694 967 883 1005 rationem
916 966 1184 1016 defenderunt,
1212 967 1422 1007 Clemmius

105 1039 194 1076 ante
234 1037 384 1074 ceteros
425 1034 464 1072 in
504 1032 563 1071 his
594 1033 815 1083 compositis
841 1032 1059 1082 quaerendis
1085 1037 1125 1072 et
1149 1033 1422 1082 investigandis

105 1104 278 1140 versatus
305 1103 365 1139 est
382 1101 425 1149 ¹).
467 1099 567 1142 Sunt
592 1103 722 1139 autem
748 1099 814 1137 alii
841 1100 906 1148 qui
933 1100 1102 1149 priorem
1127 1104 1278 1149 partem
1305 1101 1424 1139 nomi-

106 1167 234 1206 nalem
274 1178 356 1204 esse
396 1165 651 1215 defenderint,
684 1165 732 1204 de
767 1178 844 1215 qua
876 1178 919 1204 re
946 1165 1130 1217 Meyerus
1155 1170 1246 1205 ante
1272 1170 1423 1206 ceteros

105 1234 258 1283 copiose
285 1231 496 1281 disputavit
511 1233 546 1282 ²)

209 1297 317 1348 Quas
358 1298 461 1335 inter
487 1298 698 1336 sententias
724 1297 940 1335 contrarias
966 1298 1077 1346 quasi
1103 1297 1334 1336 intercessor
1361 1310 1423 1336 ex-

107 1364 205 1404 stitit
232 1363 449 1404 Osthoffius
468 1364 514 1414 ³).
569 1362 705 1404 Credit
730 1364 830 1402 enim
858 1364 921 1402 hic
947 1364 1005 1402 vir
1033 1363 1276 1402 doctissimus
1302 1377 1350 1403 ea
1375 1364 1423 1403 de

107 1429 245 1479 quibus
285 1430 413 1477 agitur
452 1430 666 1479 composita
703 1429 793 1467 inde
826 1429 875 1467 ab
907 1428 1229 1478 iistemporibus,
1258 1441 1423 1478 quorum

107 1498 356 1535 monumenta
394 1495 533 1543 linguae
573 1499 736 1544 exstant,
777 1509 801 1534 a
841 1495 990 1534 Graecis
1030 1495 1122 1544 ipsis
1162 1495 1355 1534 verbalem
1383 1496 1422 1534 in

107 1561 263 1600 modum
289 1561 489 1599 intellecta
507 1574 588 1599 esse
599 1562 645 1610 ⁴).
692 1560 807 1610 Quod
825 1564 955 1598 tamen
973 1573 1019 1598 eo
1039 1561 1184 1598 factum
1204 1572 1297 1608 esse,
1318 1560 1422 1609 quod

107 1627 207 1666 ratio
247 1624 462 1676 composita
499 1625 738 1675 intelligendi
777 1630 1004 1674 mutaretur,
1046 1627 1103 1665 ita
1135 1630 1179 1664 ut
1203 1626 1243 1665 id
1269 1639 1422 1675 nomen,

108 1693 212 1741 quod
246 1693 390 1731 inesset
421 1693 551 1742 priore
577 1693 617 1730 in
644 1696 767 1741 parte,
795 1691 845 1730 ob
871 1691 1157 1730 similitudinem
1185 1692 1315 1742 stirpis
1342 1705 1425 1730 ver-

107 1757 205 1797 balis
245 1758 440 1798 verbalem
479 1758 518 1797 in
559 1757 715 1797 modum
756 1758 890 1797 sentiri
928 1758 1128 1808 inciperet.
1182 1758 1334 1797 Deinde
1372 1757 1423 1798 ad

107 1824 396 1863 similitudinem
423 1824 577 1863 illorum
604 1825 915 1874 compositorum,
942 1824 982 1862 in
1010 1823 1149 1873 quibus
1174 1825 1282 1874 prius
1309 1837 1425 1863 mem·

108 1889 220 1929 brum
247 1904 268 1929 e
295 1891 448 1930 nomine
475 1889 634 1930 verbum
653 1891 798 1930 factum
825 1894 937 1940 esset,
972 1890 1145 1930 verbales
1171 1891 1311 1942 stirpes
1336 1904 1425 1941 par-

108 1959 184 1995 tem
212 1958 409 1996 nominum
437 1957 558 2005 magis
584 1957 781 2006 magisque
806 1968 1026 2007 occupasse.
1072 1957 1219 1996 Tamen
1236 1958 1318 2008 ipse
1337 1970 1426 1997 con-

109 2022 212 2061 cedit
237 2023 609 2072 argumentationem
637 2035 747 2062 suam
773 2035 856 2061 esse
889 2023 970 2061 ”ee'n
998 2023 1145 2062 blosser
1170 2023 1425 2063 wahrschein-

110 2087 472 2132 lichkeitsbeweis⁵).
516 2089 651 2138 Atque
678 2101 914 2138 quamquam
939 2089 980 2127 in
1007 2088 1165 2128 dubium
1192 2090 1322 2129 vocari
1348 2102 1425 2129 non

212 2191 239 2227 ¹)
261 2190 327 2222 ”De
348 2191 540 2231 compositis
562 2190 678 2231 graecis
701 2200 775 2230 quae
796 2200 816 2221 a
838 2190 947 2222 verbis
969 2190 1164 2231 incipiunt”;
1187 2191 1248 2222 Die
1269 2193 1425 2222 neuesten

109 2237 245 2271 Foruch.
270 2250 303 2280 p.
326 2241 456 2272 38-67,

143 2340 151 2346 .
179 2340 186 2347 .
208 2290 236 2332 ²)
257 2290 410 2333 Beitriige
441 2302 499 2323 zur
532 2290 901 2332 stammbildungslehre
932 2291 991 2324 deu
1023 2291 1252 2333 griechischen
1284 2292 1350 2324 und
1377 2292 1424 2324 la-

107 2340 326 2430 temmglelgas
343 2367 484 2425 *verbum
507 2393 542 2424 in
563 2393 622 2425 der
642 2392 1021 2434 nominalcompouition,
1040 2403 1074 2434 p.
1098 2393 1270 2427 137—208.

210 2444 236 2484 ⁴)
258 2443 293 2475 Ρ.
317 2445 385 2484 163,
407 2445 479 2484 164,
504 2444 574 2477 176.

211 2496 239 2534 ⁵)
260 2495 297 2527 P.
319 2496 388 2528 140.
