1835 2968
441 173 455 202 Ι
793 202 797 205 ,
815 200 817 202 .

793 213 841 250 19

153 312 306 363 Hom.)‚
338 308 584 362 αὶμακοῦρος,
611 306 881 362 ἆνδροκτᾶτης,
908 308 1130 363 παμπήτης,
1158 306 1406 361 ὀλιγοδρανός
1422 312 1469 362 ¹),

153 380 210 419 ita
235 379 352 418 etiam
377 377 434 426 fit,
461 380 506 417 ut
531 389 672 417 nomen
698 378 847 426 agentis
871 378 1108 428 posteriores
1126 377 1338 428 scriptores
1355 378 1471 427 primi

152 444 364 485 adhibeant
388 439 617 495 (ξυλουργός,
649 440 917 495 μακρήγορος).
955 443 1088 483 Etiam
1115 447 1208 495 anto
1231 441 1472 494 Aeschylum

153 515 195 552 et
218 510 434 551 Pindarum
460 510 543 549 haec
569 511 670 550 ratio
695 524 721 550 a
745 509 887 550 talibus
906 511 1128 561 compositis
1146 509 1333 550 feminina.
1349 511 1390 550 in
1408 524 1472 548 -ια

155 578 321 635 duoepdi
339 581 433 617 nota
453 577 539 616 fuit.
580 577 703 617 Homz
737 572 1003 629 ἀνδροκτασίη,
1035 574 1230 629 βοηλασίῃ,
1253 573 1472 627 ἑπεσβολίη,

155 641 413 696 κακορραφίῃ,
458 639 683 694 ὁὸοιπορίη..
738 642 840 681 Hes:
879 639 1067 694 βουκολίη.
1133 642 1346 694 Sophocles
1389 642 1473 681 haec

155 710 284 750 finxit:
324 705 571 762 ἑλαφηβολία,
611 704 856 757 παιδουργία.

282 812 344 860 ββ.
403 810 522 850 casui
559 810 792 865 nominativo
830 808 891 847 vel
928 809 1056 848 dativo
1087 809 1146 849 vel
1175 809 1388 849 adverbiali
1412 822 1473 850 re-

157 878 359 927 spondens.

258 967 340 1008 Ae:
380 963 583 1017 αὐτουργία
621 969 678 1017 pt.
717 979 818 1005 eum.
860 968 946 1015 336,
987 962 1161 1005 αὐθαδία
1198 967 1250 1007 al.
1288 980 1350 1018 pr.
1386 970 1476 1018 436,

157 1031 343 1081 κακουχία
369 1034 420 1072 al.
447 1037 545 1083 sept.
574 1035 660 1080 668,
689 1030 906 1083 δημηλασία,
929 1045 1013 1082 sup.
1043 1036 1078 1072 7.

260 1098 312 1138 P:
338 1096 531 1149 βουθυσία
557 1101 614 1148 pt.
641 1110 742 1136 nem.
769 1097 827 1146 X,
855 1100 915 1147 23,
944 1098 994 1137 ol.
1022 1098 1073 1147 V,
1102 1101 1137 1137 6.

261 1164 338 1204 His
364 1163 504 1204 similia
529 1163 638 1203 nulla
662 1163 788 1203 habeo
815 1176 902 1214 quae
928 1178 977 1204 ex
1002 1164 1179 1205 Homero
1197 1169 1267 1206 aut
1283 1164 1478 1216 Sophocle

160 1231 335 1272 afferam.
1038 1249 1040 1251 -

261 1334 299 1381 β.
354 1331 456 1371 Pars
478 1332 588 1381 prior
613 1331 844 1371 adverbium.

264 1423 361 1475 Quae
388 1423 465 1462 huc
490 1422 717 1462 referuntur
744 1423 863 1463 ducta
881 1428 989 1464 sunt:

263 1528 327 1553 αα.
379 1527 404 1553 a
430 1514 651 1553 verbalibus
676 1515 718 1554 in
744 1528 820 1561 -ος,

261 1605 342 1646 Ae:
368 1601 503 1655 ὄὶγνοια
519 1606 553 1657 ²)
578 1606 629 1645 al.
649 1619 709 1655 ag.
730 1609 839 1656 1596,
867 1603 1046 1657 ἆμεμφία
1064 1612 1161 1659 sept.
1182 1611 1268 1658 909,
1296 1607 1480 1658 δυσσεβία

160 1677 217 1724 pt.
244 1685 344 1712 eum.
372 1674 458 1721 534,
485 1670 703 1723 παρηγορία
733 1677 790 1723 pt.
822 1686 883 1723 ag.
911 1676 972 1723 95,
1001 1671 1197 1722 συμμαχία
1223 1674 1275 1714 al.
1301 1687 1363 1724 ag.
1390 1678 1479 1716 214.

190 1746 201 1750 ““
262 1739 313 1778 P:
333 1734 532 1787 ἀπαγορία
550 1738 598 1778 fr.
618 1742 679 1786 87,
701 1749 732 1787 4,
752 1734 915 1787 ἅτρεμία
932 1739 983 1778 al.
1002 1753 1103 1779 nem.
1122 1740 1203 1789 XI,
1221 1743 1280 1789 12,
1300 1738 1481 1789 διαβολία

161 1805 200 1844 11.
226 1808 307 1856 pyt.
334 1804 393 1853 ΙΙ,
423 1807 482 1852 76,
510 1800 714 1853 ἕπιβουλία
738 1807 795 1855 pt.
822 1817 923 1844 nem.
951 1805 1026 1855 IV,
1055 1809 1115 1856 37,
1142 1801 1331 1856 εὐπραγία
1357 1807 1409 1846 al.
1429 1807 1481 1847 ol.

163 1870 287 1920 VIII,
304 1873 352 1910 14
365 1870 467 1921 (alii:
482 1865 703 1920 εὐπραξία),
717 1873 799 1921 pyt.
818 1870 915 1920 VII,
932 1874 991 1920 18,
1006 1868 1161 1920 εὐσεβία
1174 1872 1224 1911 al.
1238 1872 1289 1911 ol.
1305 1872 1429 1923 VIII,
1444 1877 1481 1923 8,

161 1933 407 1988 ,twwmom'a
433 1939 513 1987 pyt.
532 1935 590 1985 X,
609 1938 670 1985 21,
697 1933 896 1985 πυγμαχία
922 1937 960 1976 11.
979 1950 1080 1977 nem.
1102 1938 1175 1988 VI,
1195 1941 1255 1988 26,
1283 1935 1482 1987 συμμαχία

163 2002 214 2042 al.
242 2002 293 2042 ol.
319 2002 402 2051 XI,
432 2004 491 2052 75,
518 1998 694 2049 συντυχία
720 2001 758 2040 11.
784 2002 886 2041 istm.
914 2003 948 2052 I,
977 2006 1038 2053 38,
1064 2002 1270 2056 τετραορία
1288 2004 1340 2044 01.
1359 2004 1418 2054 ΙΙ,
1445 2007 1482 2044 5.

264 2104 328 2152 ββ.
380 2115 407 2141 a
432 2101 652 2141 verbalibus
678 2102 718 2140 in
744 2116 843 2153 -της.-

267 2194 349 2233 Ae:
376 2189 581 2243 παρβασία
607 2196 705 2243 sept.
735 2195 807 2232 743
824 2194 870 2245 ³).

267 2259 319 2299 P:
347 2255 539 2308 εὐεργεσία
565 2258 604 2297 11.
630 2259 732 2298 istm.
759 2259 808 2308 V,
836 2263 896 2308 66,
924 2258 1125 2308 συμποσία
1143 2261 1181 2300 11.
1200 2264 1281 2312 pyt.
1299 2260 1376 2309 IV,
1396 2262 1482 2300 294.

269 2404 299 2441 ¹)
318 2402 442 2435 contra
462 2401 655 2443 ὂλιγοδρανής
674 2401 886 2444 (Aristoph.),
906 2403 1116 2445 ὀλιγοδρανεῖν
1136 2402 1276 2443 (Hom.)-

269 2453 297 2494 ²)
317 2452 374 2485 Cfr
395 2452 494 2486 Grdz.
516 2454 588 2486 178.

270 2505 299 2544 ⁸)
320 2504 401 2538 Cod.
422 2505 644 2546 παραβασὶαν.
