1835 2968
957 209 1044 247 sim

337 309 509 358 fuerunt,
530 308 692 348 dimidia
709 308 792 348 fere
811 321 904 359 pars
923 321 948 348 a
965 309 1073 348 nullo
1092 308 1168 348 alio
1188 308 1377 358 scriptore
1396 306 1573 347 adhibita
1589 310 1660 347 est.

336 375 441 415 Sunt
479 375 585 426 apud
619 375 835 414 Pindarum
867 375 955 425 plus
982 378 1042 424 60,
1070 389 1091 414 e
1118 374 1258 424 quibus
1283 375 1439 413 tertiam
1466 373 1547 413 fere
1573 386 1662 424 par-

338 445 419 480 tem
460 441 510 481 ab
544 441 629 480 aliis
655 442 830 491 sumpsit.
884 441 1061 481 Maxima
1087 441 1256 480 omnium
1283 443 1342 479 est
1368 453 1415 479 ea
1440 452 1542 490 pars,
1570 452 1663 489 quo-

338 521 427 547 rum
466 508 659 558 posterius
698 507 915 548 membrum
946 507 1137 557 significat
1162 519 1309 556 sonum,
1335 519 1456 546 vocem
1484 506 1558 558 (d),
1585 519 1662 557 quo
1717 520 1720 522 ·

339 575 380 612 in
419 586 561 622 genere
601 573 822 613 adhibendo
853 574 1048 613 Pindarus
1080 586 1158 612 non
1189 573 1315 611 minus
1341 574 1519 623 copiosus
1546 585 1662 622 quam

341 639 563 690 Aeschylus
603 639 687 679 fuit.
742 639 973 680 Ceterorum
1013 643 1142 679 autem
1182 651 1368 688 generum
1400 639 1523 679 multo
1548 639 1665 690 plura

342 704 563 755 Aeschylus
602 705 732 744 habet.
786 707 842 745 Et
879 707 919 745 in
957 706 1172 755 posteriore
1205 709 1318 754 parte
1344 709 1434 743 ante
1461 706 1592 744 omnia
1617 718 1664 744 ea

341 770 473 820 posuit
512 783 597 820 quae
637 775 728 810 sunt
767 771 906 819 -ὄικος,
934 784 1102 818 -ποινος,
1129 769 1297 818 -βουλος,
1324 783 1456 821 -μητις
1481 767 1665 822 (-μήτης),

342 850 478 881 -κοτος
517 841 557 876 et
590 850 648 886 ea,
681 851 768 886 quae
795 837 1013 886 significant
1037 837 1166 883 vitam,
1195 849 1360 886 quorum
1386 849 1570 885 generum
1597 840 1666 875 aut

344 901 452 941 nulla.
479 906 548 942 aut
573 915 702 953 pauca
727 903 840 943 finxit
865 902 1072 943 Pindarus.

418 967 663 1008 .Homerus:
705 966 973 1020 ἀθηρολοιγός,
1013 965 1271 1018 βροτολοιγός,
1311 965 1524 1019 ἑτεραλκὴς,
1557 964 1666 1006 αἰνα-

344 1032 467 1086 ρέτης,
494 1030 747 1087 ἅγριόφωνος,
775 1030 1028 1086 ἆμετροεπῇς,
1047 1031 1317 1086 λιγύφθογγος,
1336 1031 1532 1084 ἦδύγελως,
1552 1030 1666 1085 ἀργυ-

345 1098 507 1150 ροδίνης,
539 1097 760 1151 βαθυδίνης,
789 1097 1089 1151 πολύφλοισβος,
1117 1097 1417 1146 ὶπποκέλὲυθος,
1445 1097 1666 1152 ὁολομήτης,

346 1160 615 1217 ἀγκυλομήτης,
643 1163 858 1218 πυκιμηδής
883 1170 924 1205 et
948 1166 1027 1205 alia
1051 1166 1257 1216 permulta.

451 1231 685 1281 Sophoclem
723 1235 854 1270 autem
892 1231 1111 1270 mirandum
1150 1235 1225 1280 est,
1266 1244 1385 1281 quum
1424 1235 1504 1270 tam
1543 1232 1667 1271 multa

347 1295 495 1336 fuerint
521 1310 608 1347 quae
634 1298 866 1346 imitaretur,
894 1301 1024 1336 tamen
1049 1310 1248 1348 perpauca
1277 1297 1447 1337 finxisse:
1490 1295 1668 1336 ποικιλό-

346 1376 471 1412 μητις,
499 1360 677 1409 δυσαίων,
704 1360 898 1412 δύσοργος,
926 1361 1189 1413 χαμαικοίτης.

454 1455 512 1491 11.
573 1451 832 1502 Compositum
858 1453 1051 1502 siqnificat
1078 1453 1128 1498 id,
1149 1466 1223 1503 quo
1242 1455 1330 1503 quis
1348 1453 1478 1505 (quid)
1497 1454 1671 1503 afficitur

349 1518 492 1563 (sueth.
522 1518 666 1566 truffas
691 1517 748 1565 af,
774 1531 869 1557 vara
892 1518 1062 1566 sbremdl
1084 1517 1180 1568 fiir).

453 1612 488 1638 a.
542 1598 645 1638 Pars
678 1600 875 1648 posterior
906 1600 1101 1649 siymfi'cat
1131 1599 1272 1648 fatum,
1300 1600 1540 1648 felicitatem,
1566 1601 1670 1641 cala-

350 1667 524 1703 mitatem
549 1668 620 1702 aut
646 1665 801 1714 aliquid
826 1666 1023 1713 ejusmodi.

454 1747 534 1786 Ae:
582 1743 787 1795 αἱνόμορος
826 1748 863 1786 h.
904 1753 1000 1798 sept.
1042 1752 1127 1797 903,
1174 1746 1422 1800 καινοπήμων
1461 1753 1558 1799 sept.
1599 1752 1672 1788 363

351 1810 555 1860 (δμωΐδες)
573 1814 619 1858 ¹),
653 1809 905 1860 κακόποτμος
935 1814 986 1853 al.
1014 1827 1074 1863 ag.
1105 1818 1202 1853 1136
1235 1811 1390 1862 (τύχαι),
1422 1804 1674 1866 μελεοπαθής

353 1882 449 1929 sept.
465 1881 551 1927 963,
571 1875 808 1926 μελεόπονος
825 1882 922 1929 sept.
938 1882 1024 1929 963,
1043 1878 1243 1932 νεοπαθὴς
1260 1894 1359 1919 eum.
1376 1883 1449 1919 513
1466 1883 1673 1927 (τεκοῦσα),

354 1941 537 1992 πάνοιζυς
563 1943 623 1983 ch.
650 1945 699 1982 49
728 1940 884 1994 (ἑστία),
912 1942 1107 1995 πάνολβος
1129 1950 1184 1997 pt.
1204 1960 1287 1998 sup.
1307 1949 1393 1997 583,
1421 1945 1676 1996 πανώλεθρος

354 2004 404 2050 al.
446 2014 543 2061 Sept.
587 2014 632 2049 71
675 2007 834 2057 (πόλιν),
876 2014 952 2050 934
991 2008 1227 2063 (ὁμόσποροι
1256 2012 1321 2051 καὶ
1348 2020 1467 2061 π-οι),
1507 2026 1567 2062 ag.
1601 2016 1674 2052 535

355 2073 527 2125 (δόμον),
579 2077 638 2115 ch.
685 2078 761 2114 934
805 2072 1065 2128 (ὀφθαλμόν),
1116 2075 1337 2124 πολύπονος
1379 2079 1428 2119 al.
1473 2092 1556 2130 sup.
1602 2082 1675 2119 382

355 2145 554 2192 (βροτῶν),
581 2139 797 2192 ταχιῖμορος
822 2155 883 2192 ag.
910 2145 985 2181 486
1012 2142 1167 2191 (κλέος),
1194 2140 1395 2191 ἀθάνατος
1412 2146 1450 2185 h.
1471 2159 1569 2185 eum.
1590 2149 1675 2195 350,

357 2205 499 2252 ἄνατος
526 2209 575 2247 al.
604 2221 663 2256 ag.
693 2211 802 2257 1211,
831 2204 993 2256 ἄνολβος
1018 2210 1067 2248 al.
1095 2222 1195 2248 eum.
1224 2213 1309 2259 550,
1338 2206 1500 2262 ἀπαθής
1517 2212 1554 2250 h.
1574 2224 1676 2261 pers.

357 2276 443 2322 861,
478 2269 655 2326 ἀπενθής
680 2277 735 2324 pt.
762 2287 821 2324 pr.
850 2276 923 2312 956
950 2273 1178 2326 (πέργαμα),
1212 2272 1360 2321 ἄπονος
1385 2277 1434 2316 al.
1462 2291 1563 2328 pers.
1591 2281 1677 2327 861,

356 2352 441 2389 sup.
469 2342 518 2377 98
544 2336 678 2387 (βίαν),
711 2335 877 2391 ἀπήμων
909 2340 946 2378 h.
973 2353 1032 2389 ag.
1061 2344 1147 2390 554,
1175 2354 1273 2380 eum.
1302 2345 1376 2380 893
1402 2339 1549 2395 (πάσης
1575 2341 1677 2381 ἀ-ον’

463 2493 490 2530 ¹)
512 2490 579 2523 Alii
588 2501 596 2522 t
619 2492 842 2531 κοινοπὶμονες.
