1835 2968
949 197 976 235 4

296 297 514 351 posteriore
553 302 666 350 parte
705 298 831 337 inesse
871 301 989 348 atque
1029 297 1131 337 sicut
1168 296 1220 336 ad
1258 296 1464 339 arbitrium
1494 312 1622 341 sermo

297 378 589 415 nonnumquam
629 368 731 414 agat¹
772 368 816 403 ut
847 377 924 403 non
951 367 1103 402 mutata
1128 363 1409 412 significatione
1435 367 1623 406 utramvis

296 433 493 473 notionem
511 431 768 483 principalem
787 430 929 470 reddat
946 435 1063 481 atque
1078 430 1293 480 posteriore
1307 431 1348 469 in
1361 435 1475 481 parte
1488 436 1622 483 ponat,

295 501 352 539 ita.
378 504 554 539 nostrum
582 510 665 536 esse
692 497 741 535 ab
769 509 817 535 ea.
843 510 961 547 quam
986 509 1113 535 sermo
1132 497 1388 547 principalem
1407 498 1624 539 reddiderit

295 567 453 606 notione
480 567 520 604 in
547 563 779 615 explicando
805 563 1000 613 proficisci
1019 565 1062 614 ¹).
1108 563 1168 601 At
1195 563 1296 601 enim
1316 564 1422 613 quod
1441 565 1538 605 dicit
1556 578 1624 605 no-

295 634 440 671 tionem
467 632 693 681 primariam
720 630 936 679 posteriore
963 630 1004 667 in
1030 633 1142 678 parte
1160 630 1325 678 positam
1345 631 1477 679 priore
1497 631 1623 671 deter-

294 698 446 745 minari,
480 697 521 734 in
561 696 684 734 multo
711 694 889 745 pluribus
916 707 1050 733 verum
1078 699 1138 734 est
1162 695 1260 733 illud
1288 696 1459 746 quidem,
1486 697 1554 736 sed
1581 699 1622 737 in

295 763 473 802 omnibus
500 762 616 812 hujus
643 762 795 809 generis
814 761 1036 810 compositis
1054 762 1224 810 priorem
1243 765 1396 811 partem
1414 764 1623 812 posteriori
1639 791 1643 795 -

293 829 475 879 subjungi
516 840 733 867 sermonem
767 827 943 875 voluisse,
971 826 1012 865 id
1038 840 1129 866 vero
1156 826 1251 865 mihi
1278 828 1517 877 persuadere
1544 843 1622 869 non

293 907 462 944 possum.
497 894 553 932 Et
571 906 657 942 quae
678 906 701 930 a
720 893 882 942 Meyero
902 892 1069 931 collecta
1082 897 1174 931 sunt
1187 894 1402 943 composita
1415 894 1621 943 diligenter

293 960 531 999 examinanti
559 958 767 1010 apparebit
794 971 871 997 non
900 957 1044 1008 deesse,
1072 971 1237 1008 quorum
1256 960 1358 999 inter
1375 964 1510 1010 partes
1528 973 1620 1000 num

292 1026 513 1066 intercedat
551 1027 654 1066 ratio
694 1026 993 1064 determinativa
1030 1026 1071 1063 in
1112 1026 1271 1065 dubium
1307 1027 1525 1066 vocandum
1557 1029 1620 1066 sit.

294 1093 409 1145 Quod
450 1093 608 1143 quidem
639 1092 880 1131 verissimum
908 1095 967 1130 est
992 1091 1032 1130 in
1057 1092 1115 1141 iis,
1144 1105 1309 1142 quorum
1335 1097 1502 1143 utraque
1528 1106 1620 1145 pars

291 1160 436 1200 animal
476 1159 680 1209 significat,
714 1160 771 1198 ita
802 1163 846 1197 ut
872 1158 1049 1208 quaedam
1077 1159 1278 1209 utriusque
1305 1162 1467 1210 propria
1493 1162 1622 1200 confe—
1678 1178 1689 1185 ·

291 1230 433 1265 rantur
451 1226 665 1275 composito
685 1224 735 1263 ad
754 1224 1032 1263 declarandum
1051 1237 1171 1262 unum
1191 1226 1346 1274 animal,
1367 1226 1472 1276 quod
1491 1227 1620 1266 omnia

290 1292 454 1343 propria
477 1292 546 1330 illa
572 1291 864 1341 complectatur.
911 1290 960 1329 In
978 1291 1038 1329 his
1057 1291 1291 1341 compositis,
1312 1305 1478 1342 quorum
1496 1292 1620 1332 multa

290 1372 356 1397 eas
389 1358 524 1396 beluas
556 1357 787 1405 significant,
822 1369 908 1406 quae
935 1357 1008 1394 nisi
1036 1356 1271 1405 cogitatione
1297 1358 1398 1397 fictae
1426 1371 1618 1408 nusquam

290 1425 461 1474 fuerunt,
503 1423 679 1463 neutrius
711 1424 835 1474 partis
874 1423 981 1463 notio
1021 1426 1102 1463 tam
1129 1423 1264 1463 stricte
1291 1425 1546 1475 retinebatur,
1573 1428 1618 1464 ut

289 1492 416 1530 altera
448 1491 614 1530 alteram
647 1490 906 1529 determinare
934 1491 1153 1529 sentiretur.
1207 1491 1386 1531 Priorem
1413 1492 1617 1542 compositi

288 1561 441 1608 partem
470 1570 547 1597 non
575 1558 701 1596 minus
727 1557 872 1596 acriter
899 1570 1015 1607 quam
1042 1557 1298 1607 posteriorem
1324 1559 1496 1597 animum
1515 1570 1616 1598 com-

289 1625 450 1663 movisse
478 1624 559 1662 veri
587 1623 822 1662 simillimum
850 1627 919 1662 est.
973 1624 1109 1673 Atque
1136 1623 1239 1662 illius
1272 1621 1616 1675 καμηλοπάρδαλις

288 1691 485 1729 notionem
512 1690 739 1739 posterioris
764 1691 889 1739 partis
916 1703 1032 1739 quam
1058 1690 1201 1739 prioriS
1219 1691 1341 1738 magis
1359 1690 1613 1739 principalem

288 1769 371 1795 esse
398 1755 471 1794 sibi
498 1755 737 1806 persuadere
765 1755 1035 1794 difficillimum
1063 1759 1133 1794 est.

389 1822 540 1862 Eadem
582 1823 682 1862 ratio
723 1823 862 1861 mirum
900 1823 941 1860 in
980 1822 1136 1861 modum
1176 1823 1385 1872 perspicua
1416 1822 1540 1861 estin
1566 1823 1613 1860 iis

287 1890 520 1939 compositis,
567 1901 654 1938 quae
695 1887 915 1936 significant
953 1888 1089 1938 plagas
1128 1888 1226 1927 caeli
1264 1889 1331 1937 ita,
1372 1892 1417 1927 ut
1456 1889 1612 1927 nomina

287 1957 453 1996 duarum
497 1956 750 1995 finitimarum
790 1956 1004 2005 composito
1039 1955 1257 2006 jungantur
1296 1954 1347 1994 ad
1386 1967 1484 2004 eam,
1525 1968 1611 2005 quae

285 2025 389 2062 inter
422 2023 521 2062 duas
546 2023 633 2062 illas
659 2021 788 2060 media
815 2026 884 2070 est,
913 2022 1206 2070 significandam
1224 2024 1270 2072 ²).
1324 2020 1460 2071 Atque
1488 2023 1611 2060 nostri

286 2102 404 2139 quum
433 2089 571 2128 dicunt
595 2088 766 2131 nor-dost,
791 2087 981 2134 nordvest‚
1000 2089 1143 2137 sydost,
1165 2088 1328 2138 sydvest,
1349 2087 1475 2126 altera
1493 2100 1609 2137 quam

284 2156 411 2195 altera
436 2157 543 2194 notio
572 2168 649 2194 non
676 2156 798 2203 magis
825 2155 1052 2205 principalis
1078 2159 1147 2194 est.
1190 2155 1305 2206 Quod
1323 2155 1413 2193 inde
1433 2158 1608 2204 apparet,

285 2222 389 2273 quod
430 2235 556 2261 sermo
594 2222 728 2272 populi
769 2222 891 2260 nostri
931 2222 970 2260 in
1003 2222 1146 2261 talibus
1172 2222 1394 2273 compositis
1420 2220 1609 2271 fingendis

283 2289 460 2328 ordinem
501 2293 637 2336 mutat,
680 2292 722 2326 ut
749 2293 889 2327 neutra
916 2289 1022 2327 notio
1049 2289 1277 2338 principalis
1304 2301 1386 2327 esse
1413 2288 1608 2327 videatur:

283 2356 555 2398 ὄετεν-εόηηεν,
585 2357 789 2400 oster-nor,
818 2357 1113 2400 vester·s&nner‚
1139 2357 1366 2392 vester-nor.

387 2448 414 2484 1)
439 2445 681 2477 Dvandva-zus.
703 2455 737 2485 p.
763 2446 803 2476 24
825 2455 884 2485 sq.‚
907 2446 1059 2486 Beitniige
1082 2456 1114 2486 p.
1136 2446 1167 2477 9.

384 2497 411 2539 ²)
433 2496 679 2530 Dvandva-zus‘
701 2506 735 2538 p.
758 2496 809 2530 28.
