1835 2968
766 699 811 757 1.

398 826 704 908 Composita
752 825 1186 889 determinativa.

234 959 325 998 Hoc
359 963 418 998 est
443 959 561 1007 igitur
586 959 788 1008 proprium
815 959 931 1009 primi
957 958 1060 997 illius
1085 959 1238 1007 generis
1265 960 1452 1009 composi-

132 1030 274 1074 torum,
315 1030 360 1064 ut
391 1025 516 1064 altera
545 1037 638 1076 pars
664 1025 825 1064 alterius
850 1026 1046 1064 notionem
1073 1024 1183 1074 quasi
1210 1023 1452 1074 determinet,

133 1104 211 1143 qua
249 1095 380 1131 tamen
420 1091 642 1131 definitione
669 1104 694 1130 a
719 1090 987 1141 dependentiae
1028 1090 1143 1130 modo
1182 1103 1335 1140 genere,
1375 1104 1453 1131 non

132 1159 250 1198 etiam
277 1172 302 1197 a
326 1171 467 1207 genere
492 1159 706 1208 possessivo
733 1157 876 1197 differt.
921 1157 1027 1196 Nam
1053 1157 1122 1196 illa
1145 1157 1454 1206 determinativa,

132 1228 178 1264 ut
203 1225 325 1275 ajunt,
356 1225 460 1262 inter
485 1228 617 1274 partes
643 1225 744 1263 ratio
771 1225 905 1273 generi
931 1223 1227 1262 determinativo
1254 1235 1342 1262 cum
1369 1236 1456 1274 pos-

133 1291 275 1329 sessivo
314 1291 526 1329 communis
566 1294 635 1329 est.
691 1290 769 1330 Sed
795 1294 925 1329 tamen
952 1302 1135 1337 magnum
1162 1292 1222 1328 est
1247 1288 1454 1328 discrimen

133 1357 236 1395 inter
262 1356 345 1394 haec
372 1355 449 1394 duo
469 1356 769 1405 compositorum
792 1368 948 1405 genera.
994 1355 1034 1393 N
1037 1368 1101 1394 am
1120 1367 1240 1405 quum
1258 1354 1309 1394 ad
1328 1354 1455 1394 deter-

133 1422 360 1474 minativum
392 1434 512 1470 genus
546 1421 807 1461 definiendum
834 1421 1004 1469 sufficiat
1029 1435 1127 1471 eam,
1155 1434 1242 1471 quae
1269 1425 1329 1460 est
1353 1421 1456 1460 inter

133 1492 278 1539 partes,
292 1488 483 1527 rationem
502 1491 690 1538 spectare,
709 1489 925 1537 possessiva
942 1489 1156 1537 composita
1174 1487 1456 1537 appellationes

135 1558 226 1593 sunt
263 1554 371 1592 tertii
411 1552 624 1604 cujusdam,
664 1553 768 1603 quod
806 1557 941 1604 partes
972 1554 1260 1604 compositionis
1285 1554 1388 1593 inter
1413 1565 1456 1593 se

136 1620 344 1661 attributas
371 1620 699 1671 complectitur¹).
746 1619 842 1669 Quae
870 1633 988 1668 quum
1015 1621 1071 1658 ita
1096 1622 1185 1668 sint,
1203 1625 1335 1658 tamen
1353 1621 1457 1658 inter

135 1685 288 1734 singula
314 1685 617 1734 compositorum
643 1697 787 1733 genera
813 1684 879 1722 ubi
905 1685 1063 1724 termini
1080 1684 1251 1735 ponendi
1269 1685 1358 1734 sint,
1377 1696 1457 1724 non

136 1752 231 1791 satis
269 1753 434 1790 constat.
488 1750 623 1800 Atque
662 1750 827 1789 maxime
860 1763 885 1789 a
915 1754 1028 1800 parte
1055 1751 1160 1790 illius
1186 1750 1457 1801 dependentiae

136 1817 439 1867 compositorum
458 1817 610 1864 generis
628 1828 747 1864 genus
766 1815 1106 1854 determinativum
1124 1815 1264 1866 quibus
1282 1816 1458 1855 terminis

136 1881 434 1922 describendum
460 1882 521 1930 sit,
549 1882 652 1921 inter
678 1880 813 1920 doctos
839 1885 899 1921 est
924 1881 1124 1921 dissensio.

241 1948 417 1999 Quorum
450 1948 558 1998 prior
597 1961 689 1998 pars
715 1948 1017 1997 compositorum
1044 1948 1222 1996 genetivo
1248 1948 1461 1998 respondet

138 2027 186 2054 ea
207 2015 248 2052 in
266 2015 471 2052 numerum
491 2012 759 2063 dependentiae
778 2013 1080 2063 compositorum
1099 2014 1224 2052 refert
1241 2013 1402 2054 Curtius
1411 2014 1458 2064 ²),

138 2093 255 2132 quem
294 2079 360 2119 alii
391 2083 616 2129 sequuntur.
670 2078 720 2118 In
753 2078 858 2128 quod
883 2079 1159 2119 animadvertit
1188 2079 1344 2130 Meyer:
1377 2079 1460 2118 ”ein

136 2147 297 2196 yenetz'v,
310 2146 448 2195 inquit,
464 2145 566 2184 steht
578 2158 628 2183 au
640 2145 722 2183 dem
737 2157 884 2192 nomen,
902 2145 976 2183 das
989 2158 1030 2184 er
1043 2146 1246 2192 bestimmt,
1260 2147 1301 2184 in
1313 2146 1459 2184 keinem

138 2211 359 2251 wesentlich
377 2212 524 2251 andern
542 2210 766 2256 verhdltnis,
792 2211 856 2249 als
874 2213 935 2251 ein
954 2212 1201 2251 attributives
1218 2211 1403 2264 adjectiv⁷’
1414 2212 1458 2262 ⁸).

242 2353 269 2395 ¹)
290 2353 347 2385 Cfr
367 2352 499 2385 Curtius
521 2353 650 2386 Erlaut.
673 2363 703 2395 p.
731 2354 784 2386 151
809 2354 1031 2396 sqq.,lMeyer
1052 2365 1109 2387 zur
1129 2365 1179 2396 gr.
1201 2355 1459 2395 nominaleomp.

140 2415 172 2445 p.
199 2406 270 2437 250.

242 2456 272 2493 ²)
293 2456 421 2487 Erlfiut.
443 2465 476 2496 p.
500 2457 572 2488 154.

243 2508 272 2546 ⁸)
293 2507 362 2541 Zur
382 2518 434 2550 gr.
455 2507 713 2550 nominalcomp.
733 2517 768 2550 p.
790 2509 860 2541 250.
