1835 2968
947 190 1019 226 124

317 286 526 339 ὁρίζομαι),
567 286 773 339 ὑπερτελής
809 289 858 329 al.
899 302 959 337 ag.
1001 293 1074 329 286
1113 286 1219 341 (ὓ-ὴς
1257 287 1364 337 ἰσχὺς
1404 286 1641 338 λαμπάδος),

316 350 533 400 ὑπεύθυνος
572 355 622 394 al.
662 368 764 405 pers.
805 357 880 394 213
920 351 1026 406 (ὑ-ος
1065 353 1209 407 πόλει),
1236 369 1296 406 pr.
1324 357 1400 396 324
1431 352 1642 407 (μόναρχος

318 416 399 459 οὐδ’
439 417 552 469 ὑ-ος),
592 418 780 466 ὑπόδικος
818 421 868 461 al.
903 435 1003 462 eum.
1031 426 1105 462 260
1145 419 1252 474 (ὖ-ος
1276 423 1427 474 χερῶν),
1455 418 1643 467 ἱπόσκιος

317 487 368 527 al.
388 500 472 538 sup.
493 489 567 526 656
586 484 841 538 (στομάτων),
860 488 908 527 fr.
930 491 1002 528 145
1024 485 1298 540 (ψυκτηρίοις),
1320 492 1404 538 196,
1427 500 1447 530 8
1465 485 1643 539 (χθόνα).

422 554 475 594 P:
517 549 722 605 ἆγχίτοκος
760 553 808 594 fr.
850 557 911 604 58,
948 568 966 598 5
1007 551 1237 606 (ὠδίνεσσι),
1278 551 1460 602 ἀντίθεος
1491 556 1528 595 11.
1562 559 1642 606 pyt.

319 610 402 671 ΙΙΙ,
435 624 497 671 88,
539 616 750 669 ἅπόδαμος
787 625 842 671 pt.
870 625 950 672 pyt.
979 621 1054 671 IV,
1082 625 1105 661 5
1144 617 1229 667 (οὐκ
1267 617 1360 660 ἆ-ου
1398 618 1645 666 Ἀπόλλωνος

320 684 527 735 τυχόντος),
554 683 729 734 ἔμπεδος
754 687 792 726 h.
819 691 899 739 pyt.
927 688 1034 738 XII,
1065 690 1124 737 14,
1166 684 1338 736 ἔμπυρος
1364 688 1414 727 al.
1442 688 1491 727 01.
1521 687 1643 738 VIII,

321 756 356 803 3,
396 750 497 793 istm,
539 753 623 802 ΙΙΙ,
663 757 724 802 81,
765 750 915 799 ἔνδικος
941 754 992 793 al.
1018 759 1099 806 pyt.
1127 754 1179 804 V,
1209 757 1280 794 103
1307 751 1461 804 (χάριν),
1488 750 1646 802 ἔννομος

319 819 370 859 al.
398 819 447 858 ol.
475 819 575 868 VII,
603 821 653 858 84
679 815 871 868 (ἀγῶνες),
902 823 982 870 pyt.
1011 820 1092 869 IX,
1121 823 1169 859 59
1203 819 1365 868 (χθονὸς
1390 813 1505 858 αἶσαν
1531 816 1645 867 «ξ’-ον),

320 881 471 933 ἔννυχος
496 885 534 924 11.
561 889 642 936 pyt.
670 885 750 934 XI,
779 887 827 924 25
855 887 1032 935 (κοῖται),
1059 883 1265 937 ἐπίκαιρος
1290 887 1339 926 al.
1367 890 1447 937 pyt.
1476 886 1551 936 IV,
1571 889 1645 926 270

321 948 480 1004 (ἰατὴρ),
520 949 694 997 ἕπίνικος
731 956 786 1002 pt.
815 953 864 992 ol.
892 952 1015 1002 VIII,
1046 956 1104 1002 75,
1142 951 1337 1005 ἕφάμερος
1363 953 1413 992 al.
1440 954 1540 992 istm.
1572 953 1644 1002 VI,

321 1020 383 1065 40,
409 1015 595 1064 μέτωπον
621 1018 659 1056 11.
678 1022 757 1069 pyt.
778 1019 812 1057 I.
833 1022 893 1068 30,
914 1016 1142 1068 παράμερος
1158 1023 1213 1069 pt.
1234 1019 1283 1058 ol.
1304 1019 1338 1068 I,
1358 1022 1419 1065 99,
1439 1015 1646 1068 περίαλλος

321 1083 359 1121 11.
400 1086 480 1133 pyt.
521 1083 602 1133 XI,
644 1086 666 1122 5
706 1081 914 1134 (περίαλλα
953 1084 1070 1133 adv.),
1110 1081 1311 1134 πρόθυρον
1349 1085 1387 1123 11.
1422 1085 1471 1124 01.
1499 1084 1574 1134 VI,
1611 1088 1645 1133 1,

323 1144 538 1197 ὑπέραλλος
564 1162 664 1189 nem.
692 1150 775 1199 III,
804 1153 852 1189 32
879 1146 1071 1201 (αἰχμάν).

425 1215 606 1255 Fuerunt
640 1216 722 1266 jam
762 1216 868 1267 apud
908 1216 1127 1255 Homerum
1160 1230 1237 1256 non
1270 1220 1351 1256 tam
1377 1230 1505 1268 pauca
1531 1218 1646 1269 hujus

322 1282 474 1330 generis
514 1284 746 1332 composita:
785 1279 1039 1334 ἆμφίβροτος,
1072 1279 1264 1330 ἀντίθεος,
1298 1279 1515 1331 ἆντίθυρος,
1543 1281 1646 1333 ἐγκέ-

324 1347 459 1398 φαλος,
474 1344 657 1396 ἔμπεδος,
671 1345 850 1400 ἔμφυλος,
865 1346 1031 1396 ἐῖἀυλος,
1046 1346 1205 1396 ἔννυχος,
1221 1346 1448 1398 ἔπαρουρος,
1468 1345 1648 1395 ἕπαυλος,

324 1409 551 1464 ἑπήρετμος,
566 1410 722 1466 ἐθραλος,
737 1412 947 1464 κάμμορος,
961 1411 1210 1465 μετάφρενον,
1224 1412 1418 1462 μέτωπον,
1437 1411 1649 1465 πρόθυρον.

427 1478 667 1531 Aeschylum
707 1481 990 1520 observandum
1023 1485 1083 1520 est
1108 1481 1159 1520 ad
1186 1482 1281 1521 talia
1307 1481 1523 1531 composita
1546 1481 1649 1520 inve-

325 1545 468 1585 nienda
494 1546 669 1586 Pinda'ro
697 1547 819 1586 multo
847 1547 1103 1586 sollertiorem
1131 1548 1260 1586 fuisse.
1301 1547 1380 1586 Hic
1408 1547 1511 1586 enim
1530 1559 1649 1597 quum

326 1613 497 1662 quinque
524 1625 637 1652 sexve
665 1613 822 1652 finxerit
847 1614 903 1663 (in
931 1615 1082 1653 ratione
1110 1626 1186 1652 non
1214 1614 1341 1653 ductis
1365 1614 1422 1662 iis,
1442 1626 1529 1663 quae
1555 1614 1650 1652 utri-

326 1692 402 1727 que
441 1680 663 1718 communia
695 1681 813 1729 sunt),
840 1680 906 1717 ille
932 1679 1050 1729 paulo
1077 1680 1204 1718 minus
1228 1682 1279 1718 40
1305 1680 1470 1728 novavit,
1498 1692 1547 1717 ex
1573 1691 1650 1728 quo

326 1757 488 1783 numero
515 1744 566 1784 ad
594 1748 643 1784 20
670 1745 775 1795 apud
803 1745 951 1784 nullum
978 1746 1097 1785 alium
1129 1746 1359 1795 scriptorem
1391 1745 1649 1784 inveniuntur.

429 1810 643 1860 Sophocles
682 1811 870 1850 nonnulla
908 1812 1024 1861 hujus
1063 1812 1215 1859 generis
1246 1811 1372 1850 finxit:
1401 1806 1650 1859 ἀγχιτέρμων,

327 1871 588 1926 ἆντίπλευρος,
615 1873 823 1927 ἀντίλυρος,
850 1874 1100 1929 ἅπόμορφος,
1128 1873 1315 1925 ἓξόμιλος,
1342 1872 1518 1925 ἐζιιπολις,
1546 1872 1651 1913 ἐνδό-

327 1955 458 1990 μυχος,
486 1940 717 1993 ἐφέσπερος,
744 1941 991 1991 κατάρβυλος,
1019 1940 1248 1993 πρόσουρος,
1274 1940 1456 1987 ὓπαυλος.

432 2008 501 2047 Ad
528 2010 700 2048 suethice
726 2010 1065 2060 interpretandum
1091 2014 1135 2048 ut
1161 2010 1368 2059 saepissime
1400 2007 1545 2046 sufficit
1570 2020 1652 2045 ver-

328 2076 420 2115 bum
460 2075 565 2125 quod
605 2080 665 2114 est
703 2089 808 2124 vara,
847 2077 904 2115 ita
943 2076 1206 2124 dignissimum
1234 2079 1295 2114 est
1319 2073 1653 2114 animadversione

329 2142 584 2191 compositum
618 2138 831 2190 ὑπάγγελος
863 2142 922 2179 ch.
952 2144 1026 2179 838
1053 2137 1151 2190 (ἥκω
1176 2139 1247 2188 μὲν
1274 2136 1341 2177 οὐκ
1368 2136 1540 2190 ἄκλητος,
1569 2135 1651 2175 ἀλλ’

330 2203 570 2257 ὑπάγγελος),
598 2207 741 2257 quippe
768 2207 872 2256 quod
900 2207 1059 2255 agentis,
1085 2210 1129 2245 ut
1154 2206 1276 2256 ajunt,
1304 2217 1480 2256 personae
1507 2204 1653 2243 vicibus

330 2273 526 2321 fungatur.
581 2273 823 2312 subauditur
854 2274 957 2311 enim
983 2269 1118 2323 κλητός
1144 2271 1375 2310 vocabulum
1402 2283 1449 2308 ex
1476 2283 1522 2309 eo
1549 2270 1653 2319 quod

330 2339 526 2379 antecedit
564 2334 741 2390 ἄκλητοςε
769 2362 820 2367 -
845 2342 942 2377 utan
975 2337 1112 2376 kallad
1141 2336 1191 2385 af
1213 2336 1421 2375 scindebud.
1476 2335 1652 2387 Quocum

330 2406 551 2456 comparari
578 2392 708 2456 potest
733 2401 952 2455 πρόσουρος
969 2406 1002 2454 ¹)
1029 2404 1149 2454 Soph.
1177 2403 1280 2442 Phil.
1309 2406 1395 2441 691.

434 2498 460 2538 ¹)
484 2495 545 2525 ὑπὸ
567 2496 685 2536 ἀνέμων
705 2496 893 2536 βαλλόμενος
914 2493 1068 2535 (801101.)
1105 2510 1107 2513 ·
