1835 2968
815 202 885 240 131

292 304 342 343 P:
387 298 603 349 ἆλιτόξενος
641 301 689 340 01.
730 300 811 349 XI,
851 303 873 339 6
912 299 1106 350 (ψευδέων
1145 298 1281 338 ἐνιπὰν
1318 296 1420 337 ἀ-ων
1435 299 1501 350 ¹)),

189 366 464 421 φθινόκαρπος
502 372 581 418 pyt.
622 367 692 416 IV,
724 370 796 406 265
823 367 960 417 (δρῦς),
987 362 1238 418 φθινοπωρίς
1262 370 1316 416 pt.
1344 370 1422 416 pyt.
1454 365 1500 414 V,

191 439 263 474 120
301 427 409 485 (φ-ἷς
447 430 597 480 ἀνέμων
635 429 866 478 autumavi),
905 429 1132 483 φιλοκερδής
1169 432 1218 471 al.
1259 432 1358 470 istm.
1391 431 1449 479 II,
1478 435 1500 468 6

188 501 377 550 (ΠΙοῖσα),
418 495 635 549 φιλόμαχος
671 502 726 548 pt.
766 499 814 537 fr.
850 499 922 536 142
953 496 1104 548 (γένος),
1131 494 1376 548 φιλόμολπος
1400 509 1499 535 nem.

188 565 285 612 VII,
314 568 336 602 9
363 560 522 610 (πόλιν),
562 560 778 614 φιλόνεικος
816 564 866 602 al.
900 564 948 602 ol.
980 564 1055 611 VI,
1085 567 1130 601 19
1148 565 1193 612 ²),
1221 559 1436 614 φιλόξεινος
1461 562 1499 600 h.

187 642 285 669 nem.
325 629 356 678 Ι,
397 632 446 668 20
485 625 669 678 (ἀνδρός),
709 625 917 680 φιλόπολις
947 629 996 668 al.
1029 628 1076 667 ol.
1105 628 1175 677 IV,
1204 630 1251 667 18
1277 624 1500 675 (Ἁσυχίαν),

186 693 389 748 φυγόξενος
415 695 463 734 01.
492 695 548 744 X,
579 698 624 733 17
652 691 859 744 (στρατόν).

287 811 319 836 e.
372 795 489 835 Prior
510 807 609 844 pars
635 796 676 833 in
702 795 976 845 diphthonqum
1003 809 1044 833 αι
1071 796 1248 834 excurrit.

287 879 367 918 Ae:
394 875 603 928 μιαιφόνος
629 878 666 916 h.
694 891 753 927 pr.
782 881 867 926 868,
896 891 994 916 eum.
1024 881 1109 926 607,
1137 874 1428 926 'caiai711zrqog³)
1447 877 1496 915 al.

211 959 242 985 r.
283 948 368 984 231.

183 960 208 997 p
284 1011 329 1050 P.
356 1007 606 1058 ταλαίπωρος
631 1010 681 1048 al.
709 1009 756 1048 fr.
785 1012 859 1047 210
886 1010 1065 1061 (Θῆβαι).

284 1113 310 1149 f.
364 1110 480 1149 Prior
499 1123 601 1158 pars
627 1113 668 1150 in
693 1126 713 1148 v
741 1112 905 1149 vocalem
932 1111 1112 1149 excurrit.

275 1192 329 1231 P.
364 1188 595 1240 τανυέθειρα
626 1191 675 1230 01.
709 1191 767 1239 ΙΙ,
795 1194 843 1229 28
871 1188 1065 1238 (Σεμέλα),
1093 1187 1327 1238 τανύπτερος
1353 1191 1390 1229 h.
1417 1196 1496 1242 pyt.

184 1259 231 1308 V,
254 1262 322 1297 111
352 1253 526 1303 (αἰετός).
1158 1261 1160 1263 “

282 1361 335 1400 B.
390 1359 612 1410 Siymatica.

282 1442 496 1483 Osthoffius
542 1443 582 1481 in
627 1442 685 1481 his
725 1456 878 1493 quoque
928 1442 1147 1492 compositis
1192 1442 1495 1491 interpretandis

179 1508 348 1547 medium
388 1508 580 1558 quendam
619 1512 728 1548 tenet
766 1521 921 1547 cursum
954 1509 1056 1547 inter
1088 1507 1320 1546 nominalem
1348 1512 1388 1547 et
1413 1522 1493 1547 ver-

178 1573 306 1613 balem
345 1575 534 1613 rationem
567 1574 858 1630 interpretandi.
913 1573 981 1612 Ad
1013 1574 1213 1623 utriusque
1245 1573 1493 1613 difficultates

177 1640 426 1690 explicandas
454 1641 568 1680 docet
592 1654 617 1679 a
641 1641 831 1691 principio
859 1640 1013 1690 quidem
1033 1641 1172 1690 stirpes
1191 1640 1404 1679 nominales
1422 1654 1493 1690 per

177 1718 216 1743 σι
243 1710 428 1745 exeuntes
455 1708 511 1756 (σι
539 1711 666 1746 ortum
693 1720 718 1745 a
749 1720 798 1753 τι,
826 1706 929 1756 quod
947 1706 1129 1745 suffixum
1148 1710 1323 1745 remanet
1347 1707 1387 1745 in
1413 1709 1491 1754 βω-

177 1767 346 1820 τιάνειρα
373 1777 413 1812 et
435 1769 662 1821 )Ορτι’λοχος
678 1773 728 1822 ι))
754 1773 884 1822 priore
910 1773 950 1810 in
975 1776 1087 1822 parte
1107 1773 1270 1811 valuisse
1289 1771 1357 1810 sed
1376 1785 1492 1822 prop-

176 1840 236 1875 ter
274 1850 408 1876 eorum
448 1838 736 1877 similitudinem
768 1850 856 1876 eum
883 1838 1067 1888 stirpibus
1092 1839 1168 1877 illis
1195 1839 1327 1877 aoristi
1354 1839 1492 1886 sigma-

175 1902 261 1941 tieis
300 1903 496 1943 verbalem
535 1905 726 1944 rationem
765 1904 906 1943 sensim
939 1904 1068 1944 valere
1101 1905 1284 1955 coepisse.
1337 1904 1491 1943 Deinde

175 1967 225 2006 ad
251 1969 540 2008 similitudinem
572 1970 709 2009 talium
736 1970 866 2019 qualia
891 1974 1020 2009 essent
1051 1968 1306 2018 ἑρυσίνττολις,
1339 1967 1489 2008 τανυσί-

175 2046 317 2084 πτερος
334 2048 454 2085 prave
473 2035 757 2076 intellectorum
776 2037 916 2086 stirpes
935 2037 1152 2085 sigmatieas
1171 2037 1305 2076 aoristi
1319 2037 1487 2087 priorem

172 2099 212 2137 in
251 2105 402 2150 partem
443 2102 583 2141 multas
623 2116 663 2141 se
701 2103 914 2142 insinuasse
931 2105 975 2153 ⁵).
1030 2103 1120 2142 Hae
1160 2103 1327 2142 notionis
1366 2106 1488 2142 muta-

276 2231 303 2268 ¹)
326 2230 404 2263 Var.
425 2231 512 2263 α’-ον,

275 2282 303 2317 ²)
326 2282 381 2314 Al.
404 2283 565 2321 φιλόνικος.

274 2333 303 2369 3)
324 2342 343 2363 a
370 2331 478 2364 radice
510 2343 566 2372 πὲρ
597 2332 731 2364 ductum
754 2332 868 2365 eodem
890 2332 997 2373 modo⁷
1019 2342 1084 2374 quo
1106 2345 1222 2375 -μωρυς
1243 2342 1262 2365 a
1283 2332 1392 2366 radice
1411 2345 1484 2375 μερς

170 2379 219 2411 cfr
239 2381 325 2414 Grdz
346 2384 416 2415 332.

273 2435 306 2475 ⁴)
328 2435 384 2467 Cfr
407 2435 499 2467 Osth.
526 2446 556 2476 p.
580 2437 648 2468 170.

272 2486 302 2526 ¹⁵)
322 2485 359 2520 P.
381 2486 452 2520 176.
