1835 2968
822 210 869 247 15

287 313 322 350 2.
376 309 583 349 Feminina
611 310 651 347 in
679 324 752 348 -ια,

286 382 383 434 Quae
410 382 484 421 hoc
502 381 542 421 in
561 394 723 422 numero
741 386 952 433 ponuntur,
971 383 1105 434 paucis
1123 382 1310 433 exceptis,
1328 381 1508 424 derivata

183 454 286 498 sunt,
326 454 371 488 ut
407 449 600 499 posterior
626 461 718 498 pars
744 462 816 499 per
842 462 883 488 se
909 451 996 500 ipsa
1021 450 1129 489 nulla
1154 450 1207 488 sit
1231 461 1358 499 neque
1384 450 1504 500 prius,

184 529 301 567 quam
344 515 600 566 compositum
644 515 790 555 factum
833 517 895 565 sit,
940 517 1101 556 oriatur.
1165 515 1317 568 Quibus
1361 519 1505 566 tamen,

184 584 366 633 quoniam
406 583 447 621 in
487 595 527 621 se
567 595 698 621 veram
738 583 1055 633 compositionem
1082 583 1239 632 habent,
1266 583 1394 622 locum
1422 593 1506 621 esse

183 650 224 689 in
250 649 473 700 compositis
500 648 716 688 tractandis
743 661 868 698 nemo,
895 648 1025 698 credo,
1053 645 1222 699 negabit.
1267 647 1333 688 Ac
1359 649 1391 688 si
1418 649 1506 699 quis

111 708 114 709 ⁷
165 715 298 768 dicet,
325 728 350 753 a
375 716 486 764 cujus
512 716 813 764 compositorum
839 716 991 763 generis
1015 715 1134 753 verbo
1153 715 1326 763 quidque
1344 714 1505 753 ductum

183 781 244 827 sit,
271 780 311 817 in
338 792 384 818 eo
410 792 550 827 genere
577 779 861 818 numerandum
887 779 1017 828 fuisse,
1050 784 1095 818 ut
1119 781 1160 818 in
1186 780 1339 829 singula
1361 792 1507 828 genera

184 845 461 895 dividerentur,
502 846 577 885 erit
602 844 771 896 quodam
798 844 914 884 modo
941 859 1073 884 verum
1101 846 1199 885 illud
1225 846 1394 896 quidem.
1446 846 1508 886 At

184 913 367 961 quoniam
406 912 490 950 haec
530 913 659 950 omnia
690 911 741 949 ad
767 923 886 949 unum
914 911 1042 949 locum
1069 911 1213 950 collata
1239 912 1392 950 facilius
1418 925 1505 962 per-

182 978 344 1017 lustrari
361 981 535 1028 possunt,
555 978 639 1017 haec
657 977 758 1016 ratio
777 976 915 1026 agendi
934 976 1071 1017 melior
1090 977 1254 1017 videtur.
1300 977 1350 1017 In
1369 978 1505 1029 paucis

183 1043 299 1095 hujus
334 1046 487 1093 generis
512 1044 568 1092 fit,
596 1048 641 1083 ut
665 1043 706 1082 id
732 1044 999 1093 compositum,
1028 1056 1052 1082 a
1078 1056 1156 1092 quo
1183 1044 1372 1083 derivatio
1399 1044 1506 1083 facta

183 1110 244 1158 sit,
272 1113 341 1148 aut
366 1110 482 1160 plane
510 1121 699 1159 nusquam
727 1112 974 1151 auttantum
1001 1108 1106 1158 apud
1130 1110 1367 1159 posteriores
1385 1109 1506 1160 scrip-

104 1180 106 1182 ’
183 1179 288 1216 tores
327 1180 462 1216 exstet.
517 1175 780 1215 Transeamus
806 1174 857 1214 ad
884 1174 1056 1223 singulas
1082 1179 1216 1225 partes
1242 1175 1504 1225 exponendas.

336 1278 372 1304 a.
427 1264 478 1303 In
495 1265 714 1313 posteriore
731 1267 853 1312 parte
881 1264 982 1302 inest
1007 1263 1303 1303 substantivum.

336 1350 373 1376 α.
427 1336 542 1375 Prior
559 1348 663 1384 pars
689 1336 985 1378 substantivum,
1009 1337 1180 1383 yemetivo
1206 1337 1452 1384 respondens.

283 1408 365 1447 Ae:
391 1403 684 1457 ἀνδροπλήθεια
701 1418 804 1455 pers.
824 1408 897 1444 235
916 1402 972 1456 (ἅ.
991 1407 1184 1457 στρατοῦ),
1208 1404 1504 1458 πατραδέλφεια

183 1488 267 1526 sup.
296 1477 357 1523 39,
384 1469 612 1522 χειρωναξία
639 1472 689 1512 al.
716 1486 776 1522 pr.
803 1475 866 1521 45,
893 1473 953 1511 ch.
985 1476 1070 1511 761.

284 1541 336 1580 P:
370 1535 618 1587 ἱπποδρομία
651 1537 700 1576 al.
727 1541 808 1588 pyt.
844 1537 918 1586 IV,
948 1541 1008 1587 67,
1035 1538 1136 1577 istm.
1164 1537 1247 1587 III,
1277 1540 1337 1577 13.
1376 1537 1502 1577 Hom:

183 1602 433 1657 ἆρματροχιή,
466 1601 691 1655 οἱκωφελία.

334 1699 372 1745 β.
425 1695 540 1734 Prior
562 1707 660 1743 pars
687 1695 925 1743 adjectivum.

285 1767 366 1808 Ae:
411 1762 649 1814 κοινοβωμία
689 1779 773 1816 sup.
815 1768 901 1815 222,
940 1763 1159 1817 μεσημβρία
1198 1766 1248 1805 al.
1289 1780 1374 1817 sup.
1418 1769 1503 1818 746,

182 1831 372 1883 μοναρχία
412 1833 462 1871 al.
503 1836 600 1881 sept.
640 1834 727 1880 882,
767 1828 923 1868 νεολαία
962 1831 1012 1870 al.
1043 1844 1147 1880 pers.
1181 1834 1267 1880 670,
1301 1845 1387 1882 sup.
1416 1836 1503 1881 686,

183 1895 347 1950 ὁμαυλιά
373 1890 434 1939 ch.
463 1900 548 1946 599,
590 1892 853 1948 ὃρθομαντεία
880 1910 940 1947 ag.
971 1900 1080 1946 1215,
1123 1894 1338 1950 παγκληρία
1364 1899 1414 1939 al.
1441 1900 1503 1939 ch.

182 1969 269 2016 486,
290 1962 488 2016 πανδημία
507 1965 557 2004 al.
577 1977 661 2014 sup.
683 1966 767 2012 607,
795 1961 1005 2011 παντευχία
1024 1964 1075 2003 al.
1094 1968 1191 2013 sept.
1213 1967 1273 2012 31,
1292 1964 1341 2003 fr.
1362 1967 1448 2014 305,
1471 1976 1503 2007 3.

195 2039 199 2043 '
283 2032 336 2072 P:
376 2027 573 2083 ἱερομηνία
617 2030 667 2070 al.
700 2043 803 2070 nem.
837 2029 920 2079 III,
954 2033 988 2080 2,
1028 2027 1286 2080 μεγαλανορία
1318 2031 1370 2071 al.
1401 2046 1503 2072 nem.

182 2099 264 2148 XI,
295 2101 357 2147 44,
396 2094 647 2145 μοναμπυκία
679 2096 729 2134 ol.
763 2096 814 2145 V,
850 2099 883 2145 7,
924 2093 1103 2148 νουμηνία
1129 2096 1180 2135 al.
1207 2108 1309 2135 nem.
1337 2096 1413 2147 IV,
1442 2100 1502 2146 35,

182 2159 435 2215 παγγλωσσία
461 2162 511 2201 01.
540 2162 599 2211 ΙΙ,
627 2165 688 2211 96,
716 2161 908 2208 πανδοξία
935 2174 1035 2200 nem.
1064 2161 1094 2210 1,
1124 2165 1184 2200 ll.

285 2230 336 2268 In
375 2229 434 2268 his
472 2228 661 2277 omnibus,
702 2240 790 2278 quae
828 2227 945 2278 plura
976 2227 1026 2267 ab
1052 2227 1255 2279 adjectivis
1280 2229 1504 2278 possessivis

183 2297 359 2337 derivata
383 2299 483 2344 sunt,
510 2308 602 2346 pars
628 2295 736 2345 prior
761 2296 1016 2345 posteriorem
1042 2294 1280 2342 attributive,
1308 2298 1353 2333 ut
1378 2294 1502 2344 ajunt,

183 2363 429 2403 determinat.
482 2361 575 2400 Non
613 2360 790 2400 omnibus
830 2373 977 2410 eorum,
1010 2373 1098 2411 quae
1124 2372 1244 2411 supra
1267 2360 1502 2410 enumeravi,

182 2433 338 2470 exstant
363 2428 587 2479 composita,
605 2441 630 2468 a
648 2427 787 2478 quibus
812 2427 1035 2467 deriventur
1061 2423 1330 2478 (κοινοβωμία,
1356 2439 1503 2478 μεσημ-

180 2493 284 2548 βρία,
327 2492 492 2543 νεολαία,
536 2490 745 2547 ἱερομηνία,
788 2489 999 2545 νουμηνία).
1058 2492 1161 2535 Sunt
1202 2493 1321 2533 etiam
1363 2491 1503 2542 quibus
