1835 2968
763 190 834 226 137

245 295 279 330 2.
333 290 519 334 Alterum
546 301 673 337 ,genus
705 291 764 327 est
795 301 928 327 eorum
968 297 1149 336 quorum
1183 296 1284 337 pars
1311 288 1450 338 poste-

140 358 233 397 rior
259 356 449 406 priorem
479 354 613 403 regit:

207 466 209 469 -
241 440 299 479 Ut
337 441 468 477 noster
507 450 633 477 sermo
671 437 866 487 permulta
904 439 1116 489 composita
1153 438 1210 477 ita
1247 438 1367 488 fingit,
1407 442 1452 477 ut

140 506 355 558 posteriore
401 505 441 543 in
486 508 599 554 parte
639 507 761 555 ponat
799 517 938 543 nomen
977 505 1124 553 agentis
1156 505 1197 543 in
1224 517 1309 543 -are
1347 504 1452 554 quod

141 574 308 624 priorem
329 575 482 622 partem
500 574 626 618 regat:
644 570 914 617 fflrdvaktaw,
934 570 1197 619 djurplciyare,
1210 570 1452 619 vctqbrytare,

141 638 291 686 similia,
331 638 386 676 ita
425 636 530 686 apud
573 648 719 684 graecos
754 636 962 685 scriptores
994 637 1077 675 haeo
1109 638 1209 675 ratio
1241 638 1454 687 composita

141 703 311 753 fingendi
337 702 590 741 usitatissima
616 705 684 740 est.
725 701 860 750 Atque
887 714 944 749 ea,
972 715 1058 751 quae
1075 702 1115 740 in
1134 715 1294 742 numero
1312 703 1454 754 depen-

142 770 282 810 dentiae
309 769 611 819 compositorum
637 781 757 818 supra
782 768 905 817 posui,
934 781 1166 818 quamquam
1192 770 1269 809 alia
1293 771 1343 810 ab
1369 771 1455 810 aliis

142 837 360 877 dubitatum
398 839 458 874 est
496 848 546 873 an
572 834 623 873 ad
650 834 916 884 dependentiae
948 836 1161 884 composita
1191 849 1234 874 re
1260 850 1353 876 vera
1377 851 1456 877 non

142 901 350 943 referenda
374 904 512 948 essent,
540 904 669 939 tamen
697 901 780 938 haec
806 900 898 938 satis
924 904 1077 939 constat
1101 901 1203 939 inter
1229 915 1361 942 omnes
1384 916 1456 953 pro

142 970 243 1008 veris
270 966 538 1018 dependentiae
565 967 786 1017 compositis
817 965 997 1005 habenda
1028 979 1122 1015 esse,
1148 967 1206 1006 ita
1233 969 1388 1018 quidem
1414 974 1459 1009 ut

143 1036 251 1086 prior
278 1046 370 1084 pars
396 1034 446 1072 sit
472 1033 676 1083 objectum,
703 1033 895 1082 posterior
922 1046 1059 1072 nomen
1080 1034 1238 1082 agentis.
1285 1034 1458 1074 Transeo

143 1101 193 1140 ad
213 1114 260 1139 ea
277 1099 551 1148 enumeranda,
572 1112 657 1149 quae
676 1098 939 1138 adhibuerunt
951 1099 1171 1149 Aeschylus
1189 1104 1229 1139 et
1246 1100 1458 1141 Pindarus:

245 1205 280 1231 3.
335 1191 437 1230 Pars
456 1192 652 1240 posterior
677 1190 819 1241 suffixo
847 1205 868 1229 ο
891 1190 1065 1236 formata
1090 1195 1158 1230 est.

246 1273 328 1312 Ae:
357 1268 624 1322 αἳματηφόρος
656 1276 752 1322 sept.
784 1275 858 1310 419
891 1268 1080 1321 (μόρους),
1113 1268 1460 1324 ἅλαβαστροφόρος

144 1340 192 1379 fr.
228 1340 313 1384 354,
345 1332 618 1389 ἀσπιδηφόρος
648 1338 697 1377 31.
726 1341 821 1387 sept.
853 1341 910 1386 19,
938 1350 997 1386 ag.
1026 1340 1112 1386 825,
1145 1336 1395 1389 δαφνηφόρος
1420 1339 1457 1378 11.

145 1418 229 1455 sup.
260 1407 331 1442 706
359 1400 605 1452 (βουθύτοισι
627 1404 788 1453 τιμαῖς),
817 1400 1097 1454 ὄελφινοφόρος
1120 1403 1170 1441 31.
1189 1403 1237 1441 fr.
1260 1406 1331 1442 150
1356 1404 1460 1454 (δ-ον

146 1468 289 1509 πόντου
321 1465 485 1518 πεδίον),
519 1466 728 1520 δικηφόρος
758 1482 817 1519 ag.
853 1472 938 1519 525,
966 1465 1181 1520 δορυφόρος
1207 1470 1256 1508 31.
1284 1470 1343 1522 oh.
1374 1474 1457 1522 769,

147 1533 355 1588 ζυγηφόρος
381 1535 428 1573 fr.
463 1537 547 1583 341,
579 1532 852 1586 θανατηφόρος
877 1536 926 1574 31.
954 1535 1013 1574 ch.
1043 1538 1115 1573 368
1143 1529 1304 1586 (αἶσαν),
1335 1539 1459 1574 θανα-

146 1599 318 1654 τοφόρος
356 1614 415 1650 ag.
453 1604 549 1639 1176
583 1597 745 1652 (πάθη),
781 1598 977 1652 θεοφόρος
1005 1605 1061 1651 pt.
1093 1601 1141 1639 fr.
1170 1604 1245 1640 224
1276 1603 1459 1654 (ποδῶν),

145 1655 454 1719 λαμὰαδηφόρος
480 1680 539 1716 ag.
569 1670 653 1716 312,
693 1664 988 1718 μαχαιροφόρος
1014 1667 1064 1706 31.
1091 1680 1193 1717 pers.
1222 1670 1270 1706 56
1297 1665 1459 1717 (ἔθνος),

147 1730 352 1786 νικηφόρος
377 1732 427 1771 31.
455 1733 503 1771 ch
532 1735 604 1771 148
623 1731 767 1784 (Δίκῃ),
787 1730 1002 1785 ξιφηφόρος
1020 1734 1069 1772 31.
1090 1734 1149 1772 ch.
1170 1737 1245 1773 584
1262 1731 1459 1786 (ἀγῶνας),

149 1796 395 1850 όμβροφόρος
430 1799 478 1838 31.
507 1813 589 1849 sup.
619 1802 666 1838 36
706 1796 910 1850 (ἀνέμοις),
943 1798 1155 1851 παμφόρος
1180 1801 1230 1839 31.
1257 1814 1358 1851 pers.
1387 1805 1460 1841 618

109 1899 114 1904 .
148 1863 307 1916 (γαίας),
348 1857 568 1917 πεζοφόρος
604 1869 658 1916 pt.
687 1866 735 1905 fr.
764 1869 836 1905 240
876 1862 1091 1916 (ζώμασιν),
1132 1864 1376 1917 π’τεροφόρος
1411 1869 1460 1907 al.

107 1941 112 1950 ’
148 1945 207 1981 ag.
238 1934 333 1970 1147
375 1929 543 1981 (δέμας),
571 1928 795 1984 πυροφόρος
826 1932 863 1971 h.
891 1931 938 1970 fr.
965 1934 1040 1970 450
1066 1929 1235 1982 (Γέλας),
1262 1930 1462 1984 πυρφόρος

149 1999 197 2038 31.
226 2002 322 2049 sept.
350 2000 424 2037 432
451 1993 617 2049 (ἄνδρα),
645 1996 879 2050 σειραφόρος
905 1998 953 2037 31.
982 2011 1041 2048 ag.
1069 2001 1155 2048 842,
1186 2001 1295 2048 1640,
1324 1999 1462 2038 σελασ-

149 2062 273 2116 φόρος
311 2069 365 2115 pt.
399 2077 497 2105 eum.
529 2067 625 2102 1022
664 2062 927 2115 (λαμπάδων),
966 2061 1199 2116 τελεσφόρος
1224 2065 1261 2103 11.
1289 2079 1347 2115 pr.
1375 2068 1460 2114 511,

149 2127 406 2181 τευχεσφόρος
430 2130 479 2168 31.
508 2130 567 2168 ch.
596 2133 669 2168 627
696 2126 850 2179 (ἀνδρί),
878 2127 1106 2181 φαεσφόρος
1130 2130 1180 2169 31.
1207 2143 1266 2180 ag.
1293 2133 1380 2170 489.

252 2193 436 2246 γαιάοχος
467 2196 503 2235 11.
532 2200 628 2246 sept.
658 2199 742 2245 310,
776 2193 973 2244 ἑστιοῦχος
998 2197 1047 2235 31.
1075 2210 1176 2247 pers.
1205 2200 1275 2236 511
1304 2198 1462 2247 (γαῖαν),

150 2264 197 2302 fr.
225 2266 309 2312 280,
338 2262 543 2314 κλῃδοῦχος
568 2263 617 2301 31.
637 2276 719 2313 sup.
741 2266 826 2311 291,
854 2259 1081 2311 οὖρανοῦχος
1107 2263 1167 2301 ch.
1196 2266 1269 2301 960
1295 2259 1462 2313 (ἀρχάν),

151 2329 360 2376 πολιοῦχος
398 2328 448 2367 31.
488 2332 584 2378 sept.
626 2332 699 2367 312
738 2325 876 2379 (θεοί),
903 2331 977 2366 822
1004 2325 1231 2379 (δαίμονες),
1264 2332 1360 2379 sept.
1391 2332 1462 2367 110

151 2393 259 2439 (θεοὶ
277 2392 457 2442 πολίοχοι
469 2397 500 2439 ¹)
518 2391 691 2442 χθονός),
710 2394 968 2441 πολισσοῦχος
985 2399 1039 2444 pt.
1060 2408 1157 2433 eum.
1178 2397 1251 2433 883
1270 2396 1462 2443 (βροτῶν),

256 2488 283 2525 ¹)
305 2486 385 2519 Cod.
408 2487 526 2525 -οίοχοι,

1303 2547 1342 2579 16
