1835 2968
982 176 1006 212 8

329 275 539 325 posteriori
565 288 644 314 non
670 279 855 314 contenta
880 276 990 325 prior
1016 287 1109 325 pars
1135 286 1426 324 nonnumquam
1466 275 1663 331 “postulat
1717 324 1720 327 ῃ

329 353 408 381 non
447 353 589 392 parere
629 340 698 381 sed
736 341 954 392 imperare“
996 352 1265 390 summumque
1297 339 1350 379 ad
1376 353 1417 380 se
1444 342 1568 382 trahit
1590 331 1661 381 im-

329 408 493 458 perium.
521 459 534 471 ·
553 408 695 457 Neque
734 408 815 446 utri
854 407 960 457 parti
998 407 1124 458 major
1163 406 1295 446 danda.
1313 410 1437 448 .esset
1473 411 1660 469 potestas,

329 487 483 525 semper
522 474 697 514 definivit
735 486 874 523 sermo,
910 474 1004 523 quin
1032 472 1210 524 quaedam
1237 473 1400 516 libertas
1426 474 1466 513 in
1494 486 1542 513 ea.
1567 473 1662 514 divi-

331 540 462 580 denda
486 541 599 580 nobis
626 541 721 579 data
746 541 807 579 sit.

434 605 721 654 Transgredior
760 604 811 643 ad
853 605 1007 653 singula
1046 605 1433 645 determinativorum
1473 605 1662 656 composi-

330 675 462 711 torum
501 684 646 721 genera
677 670 919 722 exponenda,
947 684 1026 721 qua
1051 673 1091 710 in
1118 684 1161 710 re
1187 672 1245 710 ita
1270 684 1395 720 agam,
1423 674 1469 711 ut
1493 672 1662 722 primum

332 750 390 786 ea,
418 750 585 787 quorum
611 750 704 788 pars
730 737 924 788 posterior
952 741 1012 776 est
1038 750 1177 776 nomen
1203 737 1500 786 substantivum,
1520 737 1661 777 deinde

332 816 391 852 ea,
425 816 592 853 quorum
618 808 678 843 est
703 816 844 842 nomen
872 803 1117 854 adjectivum,
1145 806 1228 843 tum
1256 816 1421 853 quorum
1449 807 1509 843 est
1534 803 1662 854 adjec-

332 870 453 909 tivum
493 870 649 909 verbale
688 870 848 920 (nomen
875 870 1056 920 agentis),
1096 871 1136 909 in
1163 870 1466 921 disputationem
1492 870 1660 910 veniant.

582 1029 612 1078 1.
676 1029 789 1078 Pars
821 1029 1041 1090 posterior
1073 1030 1414 1080 substantivum.

437 1139 492 1179 A.
547 1139 779 1179 Personam
809 1140 1071 1189 significans.

450 1244 485 1270 a.
541 1231 657 1270 Prior
675 1245 778 1280 pars
805 1233 846 1270 in
874 1244 969 1270 casu
995 1234 1229 1271 nominativo
1251 1234 1386 1281 posita
1413 1234 1617 1281 coquatur.

439 1312 536 1363 Quae
564 1314 604 1352 in
631 1314 705 1352 hoc
733 1327 896 1353 numero
922 1319 1023 1363 sunt,
1050 1316 1091 1353 in
1117 1315 1163 1353 iis
1190 1316 1299 1365 prior
1324 1328 1417 1365 pars
1435 1315 1661 1354 attributive

335 1380 646 1430 (nonnumquam
672 1380 951 1431 praedicat-ive),
979 1385 1023 1421 ut
1048 1381 1171 1432 ajunt,
1197 1382 1414 1432 posteriore
1441 1394 1529 1421 cum
1549 1385 1662 1432 parte

336 1446 546 1497 conjuncta
572 1450 642 1486 est.

439 1513 489 1552 In
529 1513 682 1552 duobus
720 1518 872 1553 tantum
906 1519 947 1554 et
972 1515 1129 1564 quidem
1156 1515 1261 1565 apud
1288 1515 1530 1565 Aeschylum
1556 1515 1664 1565 prior

335 1592 428 1629 pars
468 1583 528 1618 est
567 1578 866 1619 substantivum:
907 1576 1125 1629 ἀνδρόπαις
1151 1581 1200 1619 al.
1228 1584 1324 1630 sept.
1354 1583 1427 1619 533
1455 1576 1512 1631 (ἆ.
1540 1576 1664 1631 ἀνήρ),

336 1640 544 1692 ἆστόξενος
569 1658 653 1695 sup.
682 1648 767 1684 356.

440 1711 490 1749 In
517 1712 658 1750 ceteris
684 1712 793 1761 prior
819 1724 911 1761 pars
938 1716 997 1751 est
1022 1713 1255 1763 adjectivum
1283 1712 1553 1762 (pronomen):
1583 1711 1665 1752 Ae:

338 1773 661 1825 ἐχθρόξενος-31.
689 1791 748 1827 pr.
780 1781 851 1816 727
893 1776 995 1828 (ἒ-ος
1026 1776 1222 1828 ναύταισι)
1240 1780 1284 1829 ¹),
1325 1783 1422 1828 sept.
1458 1781 1544 1826 606,
1578 1781 1664 1818 621.

338 1839 570 1891 κακάγγελος
595 1847 649 1893 pt.
678 1856 737 1891 ag.
768 1846 841 1881 636
868 1845 964 1894 (κ-ιμ
991 1841 1173 1895 γλώσσῃ),
1200 1840 1393 1891 μόναρχος
1419 1843 1468 1882 al.
1496 1857 1555 1894 pr.
1578 1846 1664 1893 324,

337 1904 606 1960 μονόφρουρος
644 1922 704 1958 ag.
740 1912 815 1948 257
843 1910 953 1960 (fil-01¹
979 1907 1119 1960 ἕρκος),
1149 1905 1396 1957 οἷοβουκόλος
1421 1923 1505 1960 sup.
1535 1911 1665 1961 304²),

339 1971 574 2024 πρώταρχος
597 1989 657 2024 ag.
680 1979 778 2014 1192
805 1976 923 2026 (π-ον
950 1971 1071 2026 ἄτην),
1100 1971 1313 2026 αἶνοπάτηρ
1340 1976 1400 2014 ch.
1422 1978 1495 2014 315
1522 1973 1666 2025 (πάτερ

338 2035 459 2090 ἆ-ερ),
500 2037 698 2088 {ananim}
736 2054 837 2091 pers.
880 2044 966 2089 997,
1004 2037 1298 2089 προβουλόπαις
1324 2054 1384 2089 ag.
1413 2044 1486 2118 386
1514 2040 1666 2091 (πειθώ
1713 2078 1716 2082 ,

445 2165 474 2202 ¹)
496 2163 619 2196 Lexica
639 2165 914 2205 interpretantur:
936 2164 1121 2205 hospitibus
1140 2163 1303 2204 inimicus,
1320 2163 1407 2205 quod
1424 2166 1545 2201 tamen,
1564 2175 1663 2205 quum

271 2213 274 2214 ⁷
339 2214 473 2247 dativus
495 2215 640 2254 accedat,
661 2227 727 2248 non
750 2220 816 2248 tam
840 2219 953 2257 aptum
978 2216 1118 2248 videtur.

443 2267 472 2304 ²)
496 2269 586 2296 ποῖον
609 2278 672 2296 ,ταν
675 2278 734 2297 om
734 2279 806 2306 qvo
821 2268 941 2307 -ονλέγ
934 2279 998 2301 εις,·
1021 2266 1134 2298 Dind.:
1156 2267 1252 2297 unius
1270 2276 1379 2298 vaccae
1396 2268 1523 2306 pastor.
1556 2267 1611 2305 At,
1629 2268 1666 2297 ut

339 2317 374 2348 id
406 2317 569 2358 omittam,
595 2318 683 2358 quod
706 2313 767 2353 οἶος
788 2318 852 2359 adj.
877 2318 918 2350 ad
940 2318 1083 2359 priorem
1107 2317 1259 2349 vocabuli
1280 2318 1428 2356 βουκόλος
1448 2319 1575 2358 partem
1598 2327 1666 2350 non

340 2368 411 2401 sine
442 2368 637 2401 difficultate
670 2369 822 2410 refertur,
853 2370 927 2402 haec
954 2369 1120 2401 sententia
1145 2379 1224 2401 vera
1245 2369 1392 2401 videtur:
1427 2368 1532 2402 Hvad
1551 2379 1668 2402 menar

341 2421 389 2453 du
423 2421 496 2453 med
528 2430 569 2453 en
598 2421 767 2453 allseende
798 2421 1055 2454 eusamva'lctare
1078 2420 1146 2460 (hv.
1167 2430 1208 2452 m.
1230 2420 1264 2452 d.
1287 2420 1360 2452 med
1381 2423 1434 2452 att
1454 2419 1535 2460 han,
1554 2419 1667 2464 >eham

342 2481 468 2513 eneam,
490 2471 602 2505 kunde
624 2471 752 2505 bevaka
773 2465 876 2512 allo?
899 2471 951 2513 Jo,
973 2471 1044 2513 (det
1065 2481 1129 2504 var
1150 2471 1214 2504 den
1235 2470 1471 2514 hundraoqde)
1494 2471 1622 2513 Araus.
