1835 2968
960 180 1051 224 46¹

322 285 453 335 posuit
490 285 623 336 priore
661 286 702 324 in
740 289 855 336 parte
881 285 1075 337 adjectiva
1101 299 1188 336 quae
1214 290 1306 326 sunt
1329 284 1416 332 νέος
1440 289 1481 325 et
1505 281 1642 331 πολύς;

323 348 593 409 πολύκλυστος,
634 348 942 402 πολύπλαγκτος,
976 349 1265 402 πολυδάκρυτος
1290 350 1425 402 (γόος),
1442 355 1475 398 ¹)
1501 348 1645 390 πολυά-

322 430 447 470 ρητος,
499 414 752 471 πολυήρατος,
805 416 1051 466 πολύκεστος,
1101 415 1348 471 πολύκλητος,
1392 414 1644 470 πολύκμητος,

323 479 567 530 πολύλιστος,
608 482 856 537 πολύτρητος,
895 482 1112 535 νεόδαρτος,
1152 482 1372 532 νεόπλυτος,
1404 481 1645 532 νεόπριστος,

322 537 567 601 νεόσμηκτος,
594 547 824 598 νεότευκτος,
850 547 953 590 νεούι
961 564 1066 596 ατος.

426 617 517 661 Πᾶς
542 620 673 656 autem
699 616 944 667 adjectivum,
972 617 1077 667 quod
1103 616 1153 655 ab
1179 614 1378 668 Aeschylo
1403 617 1528 668 primo
1558 628 1645 654 cum

324 681 525 732 adjectivis
544 682 764 722 verbalibus
790 683 830 722 in
857 696 946 729 -τος
966 683 1146 734 junctum
1164 695 1189 722 a
1207 683 1373 734 posteris
1392 681 1646 734 scriptoribus

324 749 364 787 in
391 749 507 800 hujus
531 750 685 799 generis
711 751 935 800 compositis
960 754 1040 790 tam
1067 763 1169 801 saepe
1195 749 1415 799 adhibetur,
1442 748 1545 799 apud
1564 747 1647 789 Ho-

323 815 474 853 merum
500 818 632 854 tamen
660 816 816 853 omnino
842 828 920 854 non
946 817 1140 855 invenitur
1167 828 1254 854 cum
1281 815 1482 865 adjectivis
1513 813 1647 853 verba-

323 879 425 920 libus
460 881 641 931 junctum
667 884 847 931 (excepto
875 878 1105 927 πάναιθος).
1158 881 1371 932 Sophocles
1397 880 1448 921 ad
1474 880 1647 920 similitu-

325 945 455 984 dinem
495 960 641 995 eorum,
676 960 762 998 quae
789 947 880 995 dixi,
908 948 1004 986 talia
1028 947 1140 986 finxit
1165 947 1296 997 qualia
1322 951 1413 985 sunt
1437 943 1646 997 νεόρρυτος,

325 1001 594 1060 νεοχάρακτος,
636 1010 874 1063 νεόρραντος,
913 1010 1080 1060 νέορτος,
1108 1009 1372 1064 πάμφλεκτος,
1398 1009 1648 1061 πάγχριστος,

326 1072 596 1128 πάμπληκτος,
624 1075 868 1127 παγκόνιτος,
896 1074 1165 1125 πολύσχιστος,
1204 1074 1471 1127 κακάγγελτος,
1510 1075 1647 1113 λεπτο-

326 1138 546 1194 σπάθητος,
562 1139 812 1191 ὀξυκώκυτος,
828 1138 1017 1195 ὀξύθηκττ,
1024 1157 1054 1190 ς,
1069 1140 1355 1191 πυκνόστικτος,
1368 1140 1648 1194 ταχύρρωστος.

429 1247 461 1274 e.
516 1234 633 1274 Prior
654 1247 754 1284 pars
779 1235 1012 1274 adverbium.

431 1328 467 1351 α.
523 1313 762 1365 Siynificatio
789 1317 917 1355 activa
944 1316 1003 1355 vel
1030 1318 1291 1356 intransitiva.

429 1384 510 1424 Ae:
552 1381 768 1435 ἀγέλαστος
795 1387 831 1426 h.
860 1401 919 1437 ag.
950 1391 1024 1427 794
1049 1385 1296 1437 (πρόσωπα),
1329 1387 1377 1426 fr.
1404 1389 1480 1426 418
1506 1385 1649 1439 (φρήν),

326 1447 510 1501 ἄγευστος
547 1452 596 1491 al.
624 1452 672 1491 fr.
701 1455 775 1492 238
815 1452 1051 1504 (παρθένοις
1089 1450 1282 1504 γαμηλίων
1318 1451 1483 1503 λέκτρων
1513 1448 1648 1500 ἆ-οις),

327 1512 515 1562 ἄκλαυτος
553 1518 591 1556 h.
625 1523 721 1569 sept.
759 1523 832 1558 696
873 1516 1000 1564 (oi—mg
1039 1515 1217 1567 limatae),
1256 1515 1512 1567 ἅκόμπαστος
1551 1522 1647 1570 sept.

328 1585 414 1632 558,
441 1578 679 1635 ἀμφίλεκτος
705 1586 754 1625 al.
775 1599 835 1635 ag.
858 1588 954 1625 1585
975 1583 1084 1631 (οἷ-ος
1103 1581 1155 1623 ὤν
1173 1582 1333 1633 κράτει),
1352 1580 1650 1636 ἀναμπλάκητος

327 1649 377 1688 al.
404 1662 464 1698 ag.
494 1652 567 1688 345
594 1653 725 1696 (θεοῖς
751 1649 869 1698 ά-ος),
897 1648 1143 1703 άνωφέλητος
1168 1651 1218 1690 al.
1246 1651 1307 1690 ch.
1338 1653 1421 1699 752,
1449 1646 1650 1695 ἄπαυστος

327 1714 377 1755 al.
397 1728 481 1766 sup.
501 1718 577 1756 574
594 1713 754 1763 (αἰῶνος
772 1713 891 1766 ά-ου),
911 1714 1135 1769 ἅπένθητος
1152 1721 1206 1768 pt.
1227 1730 1287 1766 ag.
1302 1719 1375 1757 895
1396 1711 1492 1767 (οῗ-ῳ
1511 1713 1649 1768 φρενί),

328 1794 428 1820 eum.
456 1785 531 1821 912
557 1781 711 1832 (γένος),
744 1780 1002 1835 ἀσφάδαστος
1028 1784 1077 1823 al.
1105 1797 1164 1832 ag.
1195 1786 1305 1831 1293,
1333 1778 1486 1827 ἒέσωτος
1512 1782 1560 1821 al.
1588 1795 1648 1831 ag.

331 1849 427 1886 1597
455 1847 593 1897 (βορὰν
619 1844 710 1887 ‹ii-ov
735 1847 863 1899 γένει),
891 1845 1076 1898 ὄέτρεστος
1101 1849 1151 1888 al.
1178 1863 1237 1900 pr.
1267 1851 1339 1887 116
1365 1844 1509 1896 (μάχας
1534 1843 1650 1895 ά-οι),

328 1926 388 1962 ag.
432 1917 530 1953 1402
569 1912 759 1966 (καρδίᾳ),
799 1912 1023 1966 ἅφθεγκτος
1060 1915 1110 1954 al.
1138 1928 1237 1953 eum.
1265 1916 1352 1962 245,
1393 1910 1651 1961 δυσκύμαντος

328 1991 389 2028 ag.
418 1982 491 2018 653
531 1978 679 2031 (κακά),
720 1977 959 2031 δυσπόνητος
999 1980 1048 2018 al.
1081 1993 1181 2031 pers.
1211 1982 1284 2019 515
1312 1972 1363 2029 (ὦ
1390 1978 1454 2015 δ-ε
1480 1977 1650 2028 δαῖμον),

330 2042 586 2095 δυσχάριστος
611 2046 658 2085 fr.
690 2049 774 2094 134,
807 2043 1013 2094 ἒπίρρυτος
1039 2046 1088 2084 al.
1116 2059 1214 2085 eum.
1244 2049 1317 2084 907
1345 2043 1513 2094 (καρπὸν
1538 2041 1651 2093 γαίας

330 2108 441 2162 ἑ-ον),
481 2107 700 2162 εὔπρεπτος
739 2124 822 2163 sup.
868 2113 940 2150 722
980 2108 1019 2163 (ἡ
1048 2107 1242 2160 ’πικουριά
1269 2106 1404 2161 effug),
1431 2105 1650 2160 ὑπέρβατος

330 2178 380 2218 al.
408 2191 469 2227 ag.
495 2181 582 2218 428.

432 2244 483 2283 P:
523 2241 800 2296 ἆγάφθεγκτος
831 2245 880 2284 01.
912 2243 984 2293 VI,
1018 2246 1064 2282 91
1100 2239 1286 2294 (ἀοιδᾶν),
1313 2238 1509 2291 ἄγνωστος
1534 2242 1572 2280 h.
1600 2242 1649 2282 ol.

334 2309 405 2359 VI,
447 2313 494 2349 67
534 2309 684 2362 (φωνὰν
722 2308 899 2361 ψευδέων
937 2305 1056 2358 ἰπὶ-ον),
1098 2304 1311 2359 ἆπείρᾶτος
1349 2308 1386 2346 h.
1428 2307 1477 2347 ol.
1510 2308 1568 2357 X,
1603 2311 1650 2348 18
1686 2322 1691 2329 ²

329 2372 439 2427 (ἆ-ον
476 2375 642 2426 στρατὸν
679 2376 835 2427 καλῶν),
871 2389 971 2416 nem.
1010 2375 1045 2424 I,
1086 2377 1135 2414 23
1174 2371 1427 2426 (ἀλλοδαπῶν
1465 2370 1533 2412 οὐκ
1563 2369 1651 2412 ἇ-οι

434 2479 462 2522 ¹)
483 2476 541 2511 Gir
561 2477 740 2519 πάνδυρτον
760 2476 862 2509 αὐδάν
881 2475 969 2519 apud
989 2476 1054 2512 Ae.
