<?xml version="1.0" encoding="UTF-8"?>
<!DOCTYPE html PUBLIC "-//W3C//DTD XHTML 1.0 Transitional//EN"
    "http://www.w3.org/TR/xhtml1/DTD/xhtml1-transitional.dtd">
<html xmlns="http://www.w3.org/1999/xhtml" xml:lang="en" lang="en">
 <head>
  <title>
</title>
<meta http-equiv="Content-Type" content="text/html;charset=utf-8" />
  <meta name='ocr-system' content='tesseract 3.04.00' />
  <meta name='ocr-capabilities' content='ocr_page ocr_carea ocr_par ocr_line ocrx_word'/>
</head>
<body>
  <div class='ocr_page' id='page_1' title='image "4737327_0097.png"; bbox 0 0 1835 2968; ppageno 0'>
   <div class='ocr_carea' id='block_1_1' title="bbox 793 201 843 238">
    <p class='ocr_par' dir='ltr' id='par_1_1' title="bbox 793 201 843 238">
     <span class='ocr_line' id='line_1_1' title="bbox 793 201 843 238; baseline 0 0"><span class='ocrx_word' id='word_1_1' title='bbox 793 201 843 238; x_wconf 81' lang='lat'><strong>87</strong></span> 
     </span>
    </p>
   </div>
   <div class='ocr_carea' id='block_1_2' title="bbox 161 296 1482 2528">
    <p class='ocr_par' dir='ltr' id='par_1_2' title="bbox 161 296 1472 413">
     <span class='ocr_line' id='line_1_2' title="bbox 162 296 1472 353; baseline 0.002 -17"><span class='ocrx_word' id='word_1_2' title='bbox 162 296 437 350; x_wconf 80' lang='grc' dir='ltr'><em>(πωτήμασιν),</em></span> <span class='ocrx_word' id='word_1_3' title='bbox 481 297 741 349; x_wconf 83' lang='grc' dir='ltr'><em>κοιλογάστωρ</em></span> <span class='ocrx_word' id='word_1_4' title='bbox 783 297 977 350; x_wconf 66' lang='grc' dir='ltr'><em>(κύκλου),</em></span> <span class='ocrx_word' id='word_1_5' title='bbox 1007 297 1249 350; x_wconf 79' lang='grc' dir='ltr'><em>μελάγκερως</em></span> <span class='ocrx_word' id='word_1_6' title='bbox 1290 299 1472 353; x_wconf 78' lang='grc' dir='ltr'><strong>(μηχανή-</strong></span> 
     </span>
     <span class='ocr_line' id='line_1_3' title="bbox 161 361 662 413; baseline -0.002 -12"><span class='ocrx_word' id='word_1_7' title='bbox 161 369 285 411; x_wconf 85' lang='grc' dir='ltr'><em>ματι),</em></span> <span class='ocrx_word' id='word_1_8' title='bbox 311 361 490 413; x_wconf 82' lang='grc' dir='ltr'><em>τρίχαλος</em></span> <span class='ocrx_word' id='word_1_9' title='bbox 514 365 662 411; x_wconf 80' lang='grc' dir='ltr'><em>(κῦμα).</em></span> 
     </span>
    </p>

    <p class='ocr_par' dir='ltr' id='par_1_3' title="bbox 163 425 1474 547">
     <span class='ocr_line' id='line_1_4' title="bbox 262 425 1474 481; baseline 0.001 -13"><span class='ocrx_word' id='word_1_10' title='bbox 262 430 313 470; x_wconf 90' lang='lat' dir='ltr'><strong>P:</strong></span> <span class='ocrx_word' id='word_1_11' title='bbox 355 426 579 478; x_wconf 74' lang='grc' dir='ltr'><em>χαλκόγενυς</em></span> <span class='ocrx_word' id='word_1_12' title='bbox 616 425 824 479; x_wconf 64' lang='grc' dir='ltr'><em>(ἄγκυραν),</em></span> <span class='ocrx_word' id='word_1_13' title='bbox 863 428 1137 481; x_wconf 80' lang='grc' dir='ltr'><em>χαλκοπάραος</em></span> <span class='ocrx_word' id='word_1_14' title='bbox 1161 428 1350 479; x_wconf 70' lang='grc' dir='ltr'><em>(ἄκοντα),</em></span> <span class='ocrx_word' id='word_1_15' title='bbox 1375 428 1474 469; x_wconf 79' lang='grc' dir='ltr'><em>ὖπό-</em></span> 
     </span>
     <span class='ocr_line' id='line_1_5' title="bbox 163 491 899 547; baseline -0.003 -12"><span class='ocrx_word' id='word_1_16' title='bbox 163 508 306 546; x_wconf 79' lang='grc' dir='ltr'><em>πτερος</em></span> <span class='ocrx_word' id='word_1_17' title='bbox 330 491 466 543; x_wconf 84' lang='grc' dir='ltr'><em>(ναός),</em></span> <span class='ocrx_word' id='word_1_18' title='bbox 491 491 681 545; x_wconf 78' lang='grc' dir='ltr'><em>ὕψίκερας</em></span> <span class='ocrx_word' id='word_1_19' title='bbox 706 493 899 547; x_wconf 83' lang='grc' dir='ltr'><em>(πέτραν).</em></span> 
     </span>
    </p>

    <p class='ocr_par' dir='ltr' id='par_1_4' title="bbox 162 561 1474 747">
     <span class='ocr_line' id='line_1_6' title="bbox 197 561 1473 614; baseline 0.002 -13"><span class='ocrx_word' id='word_1_20' title='bbox 197 598 201 601; x_wconf 81' lang='grc'>.</span> <span class='ocrx_word' id='word_1_21' title='bbox 264 562 364 601; x_wconf 84' lang='lat' dir='ltr'><strong>Haec</strong></span> <span class='ocrx_word' id='word_1_22' title='bbox 402 565 534 609; x_wconf 19' lang='lat' dir='ltr'><strong>tam-en</strong></span> <span class='ocrx_word' id='word_1_23' title='bbox 565 561 769 601; x_wconf 79' lang='lat' dir='ltr'><strong>translatio</strong></span> <span class='ocrx_word' id='word_1_24' title='bbox 801 563 926 601; x_wconf 89' lang='lat' dir='ltr'><strong>minus</strong></span> <span class='ocrx_word' id='word_1_25' title='bbox 951 564 1050 602; x_wconf 84' lang='lat' dir='ltr'><strong>mira</strong></span> <span class='ocrx_word' id='word_1_26' title='bbox 1075 567 1134 602; x_wconf 89' lang='lat' dir='ltr'><strong>est</strong></span> <span class='ocrx_word' id='word_1_27' title='bbox 1157 563 1197 602; x_wconf 89' lang='lat' dir='ltr'><strong>in</strong></span> <span class='ocrx_word' id='word_1_28' title='bbox 1223 565 1282 613; x_wconf 86' lang='lat' dir='ltr'><strong>iis,</strong></span> <span class='ocrx_word' id='word_1_29' title='bbox 1308 577 1473 614; x_wconf 88' lang='lat' dir='ltr'><strong>quorum</strong></span> 
     </span>
     <span class='ocr_line' id='line_1_7' title="bbox 163 627 1474 681; baseline -0.001 -12"><span class='ocrx_word' id='word_1_30' title='bbox 163 629 356 681; x_wconf 76' lang='lat' dir='ltr'><strong>posterior</strong></span> <span class='ocrx_word' id='word_1_31' title='bbox 380 641 474 679; x_wconf 79' lang='lat' dir='ltr'><strong>pars</strong></span> <span class='ocrx_word' id='word_1_32' title='bbox 494 628 577 679; x_wconf 83' lang='lat' dir='ltr'><strong>jam</strong></span> <span class='ocrx_word' id='word_1_33' title='bbox 603 641 674 679; x_wconf 91' lang='lat' dir='ltr'><strong>per</strong></span> <span class='ocrx_word' id='word_1_34' title='bbox 699 642 739 668; x_wconf 85' lang='lat' dir='ltr'><strong>se</strong></span> <span class='ocrx_word' id='word_1_35' title='bbox 762 629 848 679; x_wconf 85' lang='lat' dir='ltr'><strong>ipsa</strong></span> <span class='ocrx_word' id='word_1_36' title='bbox 871 629 1058 669; x_wconf 81' lang='lat' dir='ltr'><strong>translate</strong></span> <span class='ocrx_word' id='word_1_37' title='bbox 1075 633 1286 680; x_wconf 81' lang='lat' dir='ltr'><strong>usurpatur</strong></span> <span class='ocrx_word' id='word_1_38' title='bbox 1303 627 1474 681; x_wconf 79' lang='grc' dir='ltr'><em>(πτερόν,</em></span> 
     </span>
     <span class='ocr_line' id='line_1_8' title="bbox 162 691 755 747; baseline 0 -3"><span class='ocrx_word' id='word_1_39' title='bbox 162 692 316 747; x_wconf 70' lang='grc' dir='ltr'><em>γαστήρ,</em></span> <span class='ocrx_word' id='word_1_40' title='bbox 343 693 468 743; x_wconf 73' lang='grc' dir='ltr'><strong>κέρας,</strong></span> <span class='ocrx_word' id='word_1_41' title='bbox 495 691 596 746; x_wconf 56' lang='lat' dir='ltr'><strong>mhi,</strong></span> <span class='ocrx_word' id='word_1_42' title='bbox 621 692 755 744; x_wconf 49' lang='lat' dir='ltr'><strong>Jews)-</strong></span> 
     </span>
    </p>

    <p class='ocr_par' dir='ltr' id='par_1_5' title="bbox 164 760 1478 1140">
     <span class='ocr_line' id='line_1_9' title="bbox 264 760 1475 813; baseline 0 -12"><span class='ocrx_word' id='word_1_43' title='bbox 264 761 501 810; x_wconf 88' lang='lat' dir='ltr'><strong>Dignissima</strong></span> <span class='ocrx_word' id='word_1_44' title='bbox 518 773 604 810; x_wconf 85' lang='lat' dir='ltr'><strong>quae</strong></span> <span class='ocrx_word' id='word_1_45' title='bbox 623 764 781 800; x_wconf 76' lang='lat' dir='ltr'><strong>notetur</strong></span> <span class='ocrx_word' id='word_1_46' title='bbox 800 765 859 800; x_wconf 87' lang='lat' dir='ltr'><strong>est</strong></span> <span class='ocrx_word' id='word_1_47' title='bbox 870 773 918 800; x_wconf 88' lang='lat' dir='ltr'><strong>ea</strong></span> <span class='ocrx_word' id='word_1_48' title='bbox 929 760 1143 809; x_wconf 83' lang='lat' dir='ltr'><strong>translatio,</strong></span> <span class='ocrx_word' id='word_1_49' title='bbox 1163 774 1241 811; x_wconf 87' lang='lat' dir='ltr'><strong>qua</strong></span> <span class='ocrx_word' id='word_1_50' title='bbox 1258 761 1475 813; x_wconf 83' lang='lat' dir='ltr'><strong>Aeschylus</strong></span> 
     </span>
     <span class='ocr_line' id='line_1_10' title="bbox 164 826 1475 877; baseline 0 -10"><span class='ocrx_word' id='word_1_51' title='bbox 164 826 363 875; x_wconf 82' lang='lat' dir='ltr'><strong>vocabula,</strong></span> <span class='ocrx_word' id='word_1_52' title='bbox 403 839 566 875; x_wconf 89' lang='lat' dir='ltr'><strong>quorum</strong></span> <span class='ocrx_word' id='word_1_53' title='bbox 593 827 785 876; x_wconf 83' lang='lat' dir='ltr'><strong>posterior</strong></span> <span class='ocrx_word' id='word_1_54' title='bbox 811 840 903 877; x_wconf 87' lang='lat' dir='ltr'><strong>pars</strong></span> <span class='ocrx_word' id='word_1_55' title='bbox 928 826 1117 875; x_wconf 80' lang='lat' dir='ltr'><strong>significet</strong></span> <span class='ocrx_word' id='word_1_56' title='bbox 1143 827 1314 876; x_wconf 73' lang='lat' dir='ltr'><strong>linquam</strong></span> <span class='ocrx_word' id='word_1_57' title='bbox 1338 828 1397 867; x_wconf 86' lang='lat' dir='ltr'><strong>vel</strong></span> <span class='ocrx_word' id='word_1_58' title='bbox 1421 840 1475 875; x_wconf 81' lang='lat' dir='ltr'><strong>os,</strong></span> 
     </span>
     <span class='ocr_line' id='line_1_11' title="bbox 164 891 1476 941; baseline 0 -9"><span class='ocrx_word' id='word_1_59' title='bbox 164 906 254 933; x_wconf 83' lang='lat' dir='ltr'><strong>oum</strong></span> <span class='ocrx_word' id='word_1_60' title='bbox 285 892 502 931; x_wconf 90' lang='lat' dir='ltr'><strong>nominibus</strong></span> <span class='ocrx_word' id='word_1_61' title='bbox 533 905 620 941; x_wconf 86' lang='lat' dir='ltr'><strong>quae</strong></span> <span class='ocrx_word' id='word_1_62' title='bbox 646 891 862 940; x_wconf 84' lang='lat' dir='ltr'><strong>significent</strong></span> <span class='ocrx_word' id='word_1_63' title='bbox 885 891 1119 936; x_wconf 78' lang='lat' dir='ltr'><strong>vocabulum,</strong></span> <span class='ocrx_word' id='word_1_64' title='bbox 1145 904 1362 939; x_wconf 83' lang='lat' dir='ltr'><strong>sermonem,</strong></span> <span class='ocrx_word' id='word_1_65' title='bbox 1387 906 1476 932; x_wconf 83' lang='lat' dir='ltr'><strong>can—</strong></span> 
     </span>
     <span class='ocr_line' id='line_1_12' title="bbox 166 953 1478 1009; baseline -0.003 -10"><span class='ocrx_word' id='word_1_66' title='bbox 166 963 246 999; x_wconf 78' lang='lat' dir='ltr'><strong>tum</strong></span> <span class='ocrx_word' id='word_1_67' title='bbox 267 958 481 1008; x_wconf 80' lang='lat' dir='ltr'><strong>conjungit:</strong></span> <span class='ocrx_word' id='word_1_68' title='bbox 513 954 772 1006; x_wconf 79' lang='grc' dir='ltr'><em>μελίγλωσσος</em></span> <span class='ocrx_word' id='word_1_69' title='bbox 796 953 1009 1007; x_wconf 75' lang='grc' dir='ltr'><em>(ἑπαοιδή),</em></span> <span class='ocrx_word' id='word_1_70' title='bbox 1037 954 1327 1006; x_wconf 82' lang='grc' dir='ltr'><em>πικρόγλωσσος</em></span> <span class='ocrx_word' id='word_1_71' title='bbox 1351 955 1478 1009; x_wconf 82' lang='grc' dir='ltr'><em>(ἀρά),</em></span> 
     </span>
     <span class='ocr_line' id='line_1_13' title="bbox 165 1018 1478 1073; baseline -0.001 -10"><span class='ocrx_word' id='word_1_72' title='bbox 165 1020 420 1071; x_wconf 83' lang='grc' dir='ltr'><em>αὶολόστομος</em></span> <span class='ocrx_word' id='word_1_73' title='bbox 462 1019 678 1073; x_wconf 81' lang='grc' dir='ltr'><em>(χρησμός),</em></span> <span class='ocrx_word' id='word_1_74' title='bbox 722 1018 984 1070; x_wconf 80' lang='grc' dir='ltr'><em>σεμνόστομος</em></span> <span class='ocrx_word' id='word_1_75' title='bbox 1025 1023 1198 1073; x_wconf 66' lang='grc' dir='ltr'><strong>(μῦθος).</strong></span> <span class='ocrx_word' id='word_1_76' title='bbox 1250 1023 1300 1062; x_wconf 90' lang='lat' dir='ltr'><strong>P:</strong></span> <span class='ocrx_word' id='word_1_77' title='bbox 1341 1021 1478 1073; x_wconf 82' lang='grc' dir='ltr'><em>παλίγ·</em></span> 
     </span>
     <span class='ocr_line' id='line_1_14' title="bbox 164 1089 529 1140; baseline -0.005 -12"><span class='ocrx_word' id='word_1_78' title='bbox 164 1090 336 1140; x_wconf 82' lang='grc' dir='ltr'><em>γλωσσος</em></span> <span class='ocrx_word' id='word_1_79' title='bbox 373 1089 529 1140; x_wconf 80' lang='grc' dir='ltr'>(ῥῆσις).</span> 
     </span>
    </p>

    <p class='ocr_par' dir='ltr' id='par_1_6' title="bbox 162 1154 1480 1737">
     <span class='ocr_line' id='line_1_15' title="bbox 266 1154 1478 1206; baseline 0.001 -11"><span class='ocrx_word' id='word_1_80' title='bbox 266 1156 347 1196; x_wconf 87' lang='lat' dir='ltr'><strong>Vix</strong></span> <span class='ocrx_word' id='word_1_81' title='bbox 372 1154 542 1194; x_wconf 86' lang='lat' dir='ltr'><strong>dubitari</strong></span> <span class='ocrx_word' id='word_1_82' title='bbox 567 1158 706 1205; x_wconf 77' lang='lat' dir='ltr'><strong>potest,</strong></span> <span class='ocrx_word' id='word_1_83' title='bbox 726 1155 819 1204; x_wconf 91' lang='lat' dir='ltr'><strong>quin</strong></span> <span class='ocrx_word' id='word_1_84' title='bbox 837 1154 1135 1204; x_wconf 84' lang='lat' dir='ltr'><strong>personifioatio,</strong></span> <span class='ocrx_word' id='word_1_85' title='bbox 1153 1159 1199 1194; x_wconf 91' lang='lat' dir='ltr'><strong>ut</strong></span> <span class='ocrx_word' id='word_1_86' title='bbox 1215 1156 1328 1206; x_wconf 87' lang='lat' dir='ltr'><strong>ajunt</strong></span> <span class='ocrx_word' id='word_1_87' title='bbox 1343 1157 1478 1204; x_wconf 89' lang='lat' dir='ltr'><strong>nostri,</strong></span> 
     </span>
     <span class='ocr_line' id='line_1_16' title="bbox 165 1220 1479 1272; baseline -0.002 -10"><span class='ocrx_word' id='word_1_88' title='bbox 165 1223 229 1262; x_wconf 83' lang='lat' dir='ltr'><strong>hic</strong></span> <span class='ocrx_word' id='word_1_89' title='bbox 264 1220 470 1270; x_wconf 78' lang='lat' dir='ltr'><strong>cogitanda</strong></span> <span class='ocrx_word' id='word_1_90' title='bbox 509 1222 576 1260; x_wconf 84' lang='lat' dir='ltr'><strong>sit:</strong></span> <span class='ocrx_word' id='word_1_91' title='bbox 615 1221 761 1270; x_wconf 74' lang='lat' dir='ltr'><strong>seinyen</strong></span> <span class='ocrx_word' id='word_1_92' title='bbox 799 1221 884 1259; x_wconf 83' lang='lat' dir='ltr'><strong>med</strong></span> <span class='ocrx_word' id='word_1_93' title='bbox 920 1222 982 1259; x_wconf 81' lang='lat' dir='ltr'><strong>sin</strong></span> <span class='ocrx_word' id='word_1_94' title='bbox 1020 1220 1321 1270; x_wconf 66' lang='lat' dir='ltr'><strong>honunyslq&#39;ufva</strong></span> <span class='ocrx_word' id='word_1_95' title='bbox 1348 1225 1479 1272; x_wconf 74' lang='lat' dir='ltr'><strong>tanqu,</strong></span> 
     </span>
     <span class='ocr_line' id='line_1_17' title="bbox 162 1287 1480 1338; baseline -0.001 -9"><span class='ocrx_word' id='word_1_96' title='bbox 162 1288 438 1338; x_wconf 66' lang='lat' dir='ltr'><strong>ffirbannelsen</strong></span> <span class='ocrx_word' id='word_1_97' title='bbox 478 1288 561 1327; x_wconf 85' lang='lat' dir='ltr'><strong>med</strong></span> <span class='ocrx_word' id='word_1_98' title='bbox 591 1289 653 1326; x_wconf 76' lang='lat' dir='ltr'><strong>sin</strong></span> <span class='ocrx_word' id='word_1_99' title='bbox 680 1287 802 1327; x_wconf 76' lang='lat' dir='ltr'><strong>bittra</strong></span> <span class='ocrx_word' id='word_1_100' title='bbox 830 1291 948 1337; x_wconf 72' lang='lat' dir='ltr'><strong>tunya</strong></span> <span class='ocrx_word' id='word_1_101' title='bbox 975 1300 1064 1338; x_wconf 89' lang='lat' dir='ltr'><strong>pro:</strong></span> <span class='ocrx_word' id='word_1_102' title='bbox 1091 1288 1177 1326; x_wconf 84' lang='lat' dir='ltr'><strong>med</strong></span> <span class='ocrx_word' id='word_1_103' title='bbox 1200 1288 1235 1326; x_wconf 77' lang='lat' dir='ltr'><strong>h.</strong></span> <span class='ocrx_word' id='word_1_104' title='bbox 1265 1292 1289 1327; x_wconf 79' lang='lat' dir='ltr'><strong>t.</strong></span> <span class='ocrx_word' id='word_1_105' title='bbox 1316 1288 1480 1338; x_wconf 74' lang='lat' dir='ltr'><strong>sjunqen</strong></span> 
     </span>
     <span class='ocr_line' id='line_1_18' title="bbox 166 1352 1479 1404; baseline 0 -11"><span class='ocrx_word' id='word_1_106' title='bbox 166 1356 275 1404; x_wconf 72' lang='lat' dir='ltr'><strong>sdnq,</strong></span> <span class='ocrx_word' id='word_1_107' title='bbox 302 1354 386 1392; x_wconf 84' lang='lat' dir='ltr'><strong>med</strong></span> <span class='ocrx_word' id='word_1_108' title='bbox 413 1354 448 1392; x_wconf 80' lang='lat' dir='ltr'><strong>b.</strong></span> <span class='ocrx_word' id='word_1_109' title='bbox 478 1357 504 1391; x_wconf 78' lang='lat' dir='ltr'><strong>t.</strong></span> <span class='ocrx_word' id='word_1_110' title='bbox 531 1353 688 1391; x_wconf 80' lang='lat' dir='ltr'><strong>uttalad</strong></span> <span class='ocrx_word' id='word_1_111' title='bbox 714 1352 975 1399; x_wconf 64' lang='lat' dir='ltr'><strong>forbannelse.</strong></span> <span class='ocrx_word' id='word_1_112' title='bbox 1015 1353 1149 1403; x_wconf 82' lang='lat' dir='ltr'><strong>Atque</strong></span> <span class='ocrx_word' id='word_1_113' title='bbox 1177 1354 1300 1393; x_wconf 88' lang='lat' dir='ltr'><strong>nostri</strong></span> <span class='ocrx_word' id='word_1_114' title='bbox 1326 1367 1479 1404; x_wconf 88' lang='lat' dir='ltr'><strong>quoque</strong></span> 
     </span>
     <span class='ocr_line' id='line_1_19' title="bbox 166 1419 1476 1472; baseline 0 -12"><span class='ocrx_word' id='word_1_115' title='bbox 166 1419 500 1472; x_wconf 82' lang='lat' dir='ltr'><strong>personifioatione</strong></span> <span class='ocrx_word' id='word_1_116' title='bbox 551 1423 705 1459; x_wconf 89' lang='lat' dir='ltr'><strong>utentes</strong></span> <span class='ocrx_word' id='word_1_117' title='bbox 755 1419 906 1459; x_wconf 83' lang='lat' dir='ltr'><strong>dieunt:</strong></span> <span class='ocrx_word' id='word_1_118' title='bbox 958 1420 1157 1459; x_wconf 80' lang='lat' dir='ltr'><strong>smickrets</strong></span> <span class='ocrx_word' id='word_1_119' title='bbox 1207 1423 1294 1459; x_wconf 64' lang='lat' dir='ltr'><strong>sota</strong></span> <span class='ocrx_word' id='word_1_120' title='bbox 1345 1424 1476 1471; x_wconf 69' lang='lat' dir='ltr'><strong>tanqu,</strong></span> 
     </span>
     <span class='ocr_line' id='line_1_20' title="bbox 166 1483 1479 1535; baseline -0.001 -9"><span class='ocrx_word' id='word_1_121' title='bbox 166 1485 413 1531; x_wconf 64' lang='lat' dir='ltr'><strong>smfflelsens,</strong></span> <span class='ocrx_word' id='word_1_122' title='bbox 457 1483 643 1532; x_wconf 65' lang='lat' dir='ltr'><strong>ffirtalets</strong></span> <span class='ocrx_word' id='word_1_123' title='bbox 680 1485 825 1534; x_wconf 79' lang='lat' dir='ltr'><strong>skarpa</strong></span> <span class='ocrx_word' id='word_1_124' title='bbox 866 1489 891 1524; x_wconf 80' lang='lat' dir='ltr'><strong>t.</strong></span> <span class='ocrx_word' id='word_1_125' title='bbox 949 1485 1252 1535; x_wconf 82' lang='lat' dir='ltr'><strong>Nonnumquam</strong></span> <span class='ocrx_word' id='word_1_126' title='bbox 1290 1485 1330 1524; x_wconf 88' lang='lat' dir='ltr'><strong>id</strong></span> <span class='ocrx_word' id='word_1_127' title='bbox 1369 1499 1479 1526; x_wconf 82' lang='lat' dir='ltr'><strong>voea-</strong></span> 
     </span>
     <span class='ocr_line' id='line_1_21' title="bbox 166 1551 1478 1603; baseline 0 -10"><span class='ocrx_word' id='word_1_128' title='bbox 166 1553 311 1602; x_wconf 88' lang='lat' dir='ltr'><strong>bulum,</strong></span> <span class='ocrx_word' id='word_1_129' title='bbox 339 1564 504 1602; x_wconf 87' lang='lat' dir='ltr'><strong>quocum</strong></span> <span class='ocrx_word' id='word_1_130' title='bbox 530 1552 784 1602; x_wconf 80' lang='lat' dir='ltr'><strong>compositum</strong></span> <span class='ocrx_word' id='word_1_131' title='bbox 803 1552 1061 1603; x_wconf 84' lang='lat' dir='ltr'><strong>conjungitur,</strong></span> <span class='ocrx_word' id='word_1_132' title='bbox 1081 1551 1243 1592; x_wconf 86' lang='lat' dir='ltr'><strong>eandem</strong></span> <span class='ocrx_word' id='word_1_133' title='bbox 1263 1552 1344 1593; x_wconf 87' lang='lat' dir='ltr'><strong>fere</strong></span> <span class='ocrx_word' id='word_1_134' title='bbox 1363 1565 1478 1603; x_wconf 88' lang='lat' dir='ltr'><strong>quam</strong></span> 
     </span>
     <span class='ocr_line' id='line_1_22' title="bbox 166 1615 1480 1670; baseline -0.002 -11"><span class='ocrx_word' id='word_1_135' title='bbox 166 1620 282 1670; x_wconf 90' lang='lat' dir='ltr'><strong>hujus</strong></span> <span class='ocrx_word' id='word_1_136' title='bbox 307 1618 499 1669; x_wconf 86' lang='lat' dir='ltr'><strong>posterior</strong></span> <span class='ocrx_word' id='word_1_137' title='bbox 523 1630 616 1668; x_wconf 87' lang='lat' dir='ltr'><strong>pars</strong></span> <span class='ocrx_word' id='word_1_138' title='bbox 642 1618 957 1666; x_wconf 81' lang='lat' dir='ltr'><strong>significationem</strong></span> <span class='ocrx_word' id='word_1_139' title='bbox 983 1618 1118 1657; x_wconf 84' lang='lat' dir='ltr'><strong>habet:</strong></span> <span class='ocrx_word' id='word_1_140' title='bbox 1153 1615 1480 1668; x_wconf 72' lang='grc' dir='ltr'><em>ἕλευθερόστομος</em></span> 
     </span>
     <span class='ocr_line' id='line_1_23' title="bbox 166 1685 367 1737; baseline -0.01 -14"><span class='ocrx_word' id='word_1_141' title='bbox 166 1685 367 1737; x_wconf 82' lang='grc' dir='ltr'><em>(γλῶσσα).</em></span> 
     </span>
    </p>

    <p class='ocr_par' dir='ltr' id='par_1_7' title="bbox 167 1745 1482 2528">
     <span class='ocr_line' id='line_1_24' title="bbox 269 1745 1479 1800; baseline 0.001 -10"><span class='ocrx_word' id='word_1_142' title='bbox 269 1750 465 1791; x_wconf 85' lang='lat' dir='ltr'><strong>Pindarus</strong></span> <span class='ocrx_word' id='word_1_143' title='bbox 503 1749 754 1789; x_wconf 82' lang='lat' dir='ltr'><strong>audacissime</strong></span> <span class='ocrx_word' id='word_1_144' title='bbox 786 1745 1085 1797; x_wconf 78' lang='grc' dir='ltr'><em>ἀκαμαντόπους</em></span> <span class='ocrx_word' id='word_1_145' title='bbox 1111 1751 1366 1800; x_wconf 88' lang='lat' dir='ltr'><strong>compositum</strong></span> <span class='ocrx_word' id='word_1_146' title='bbox 1391 1764 1479 1791; x_wconf 81' lang='lat' dir='ltr'><strong>cum</strong></span> 
     </span>
     <span class='ocr_line' id='line_1_25' title="bbox 168 1811 1479 1866; baseline 0 -10"><span class='ocrx_word' id='word_1_147' title='bbox 168 1817 311 1857; x_wconf 89' lang='lat' dir='ltr'><strong>talibus</strong></span> <span class='ocrx_word' id='word_1_148' title='bbox 345 1816 552 1863; x_wconf 84' lang='lat' dir='ltr'><strong>vocabulis,</strong></span> <span class='ocrx_word' id='word_1_149' title='bbox 593 1815 725 1865; x_wconf 84' lang='lat' dir='ltr'><strong>qualia</strong></span> <span class='ocrx_word' id='word_1_150' title='bbox 761 1819 852 1853; x_wconf 88' lang='lat' dir='ltr'><strong>sunt</strong></span> <span class='ocrx_word' id='word_1_151' title='bbox 892 1812 1044 1865; x_wconf 79' lang='grc' dir='ltr'><em>βροντά,</em></span> <span class='ocrx_word' id='word_1_152' title='bbox 1084 1811 1224 1866; x_wconf 77' lang='grc' dir='ltr'><em>ἀπήνα,</em></span> <span class='ocrx_word' id='word_1_153' title='bbox 1268 1816 1479 1866; x_wconf 81' lang='lat' dir='ltr'><strong>conjunxit.</strong></span> 
     </span>
     <span class='ocr_line' id='line_1_26' title="bbox 169 1878 1480 1934; baseline -0.002 -11"><span class='ocrx_word' id='word_1_154' title='bbox 169 1881 484 1933; x_wconf 79' lang='lat' dir='ltr'><strong>Oomparandum</strong></span> <span class='ocrx_word' id='word_1_155' title='bbox 523 1885 583 1920; x_wconf 84' lang='lat' dir='ltr'><strong>est</strong></span> <span class='ocrx_word' id='word_1_156' title='bbox 619 1880 659 1920; x_wconf 89' lang='lat' dir='ltr'><strong>id</strong></span> <span class='ocrx_word' id='word_1_157' title='bbox 699 1880 804 1930; x_wconf 85' lang='lat' dir='ltr'><strong>quod</strong></span> <span class='ocrx_word' id='word_1_158' title='bbox 836 1879 980 1920; x_wconf 84' lang='lat' dir='ltr'><strong>Aesch.</strong></span> <span class='ocrx_word' id='word_1_159' title='bbox 1013 1880 1110 1920; x_wconf 85' lang='lat' dir='ltr'><strong>dicit</strong></span> <span class='ocrx_word' id='word_1_160' title='bbox 1134 1878 1317 1934; x_wconf 75' lang='grc' dir='ltr'><em>ποδώκης</em></span> <span class='ocrx_word' id='word_1_161' title='bbox 1341 1878 1480 1933; x_wconf 69' lang='grc' dir='ltr'><em>(ῗὶμμα,</em></span> 
     </span>
     <span class='ocr_line' id='line_1_27' title="bbox 168 1944 1480 1999; baseline -0.001 -10"><span class='ocrx_word' id='word_1_162' title='bbox 168 1947 372 1999; x_wconf 82' lang='grc' dir='ltr'><em>χάλκευμα,</em></span> <span class='ocrx_word' id='word_1_163' title='bbox 399 1944 544 1997; x_wconf 81' lang='grc' dir='ltr'><em>κακόν),</em></span> <span class='ocrx_word' id='word_1_164' title='bbox 573 1948 632 1987; x_wconf 83' lang='lat' dir='ltr'><strong>cfr</strong></span> <span class='ocrx_word' id='word_1_165' title='bbox 657 1961 695 1998; x_wconf 91' lang='lat' dir='ltr'><strong>p.</strong></span> <span class='ocrx_word' id='word_1_166' title='bbox 722 1949 782 1986; x_wconf 88' lang='lat'><strong>30.</strong></span> <span class='ocrx_word' id='word_1_167' title='bbox 826 1948 958 1999; x_wconf 83' lang='lat' dir='ltr'><strong>Hujus</strong></span> <span class='ocrx_word' id='word_1_168' title='bbox 983 1948 1134 1997; x_wconf 85' lang='lat' dir='ltr'><strong>generis</strong></span> <span class='ocrx_word' id='word_1_169' title='bbox 1160 1948 1201 1998; x_wconf 87' lang='grc'><strong>(7</strong></span> <span class='ocrx_word' id='word_1_170' title='bbox 1227 1948 1270 1999; x_wconf 84' lang='lat' dir='ltr'><strong>a)</strong></span> <span class='ocrx_word' id='word_1_171' title='bbox 1294 1951 1480 1999; x_wconf 82' lang='lat' dir='ltr'><strong>composi-</strong></span> 
     </span>
     <span class='ocr_line' id='line_1_28' title="bbox 167 2010 1480 2064; baseline -0.003 -7"><span class='ocrx_word' id='word_1_172' title='bbox 167 2021 297 2057; x_wconf 87' lang='lat' dir='ltr'><strong>torum</strong></span> <span class='ocrx_word' id='word_1_173' title='bbox 335 2026 477 2063; x_wconf 86' lang='lat' dir='ltr'><strong>magna</strong></span> <span class='ocrx_word' id='word_1_174' title='bbox 514 2017 574 2053; x_wconf 90' lang='lat' dir='ltr'><strong>est</strong></span> <span class='ocrx_word' id='word_1_175' title='bbox 610 2013 715 2064; x_wconf 86' lang='lat' dir='ltr'><strong>apud</strong></span> <span class='ocrx_word' id='word_1_176' title='bbox 757 2013 975 2054; x_wconf 89' lang='lat' dir='ltr'><strong>Homerum</strong></span> <span class='ocrx_word' id='word_1_177' title='bbox 1013 2013 1237 2054; x_wconf 89' lang='lat' dir='ltr'><strong>multitudo:</strong></span> <span class='ocrx_word' id='word_1_178' title='bbox 1277 2010 1480 2062; x_wconf 77' lang='grc' dir='ltr'><em>ἀελλόπος,</em></span> 
     </span>
     <span class='ocr_line' id='line_1_29' title="bbox 168 2077 1480 2133; baseline -0.002 -13"><span class='ocrx_word' id='word_1_179' title='bbox 168 2080 419 2133; x_wconf 79' lang='grc' dir='ltr'><em>ἀργυρόπεζα,</em></span> <span class='ocrx_word' id='word_1_180' title='bbox 463 2077 678 2132; x_wconf 78' lang='grc' dir='ltr'><em>αἱγιπόὸης,</em></span> <span class='ocrx_word' id='word_1_181' title='bbox 717 2082 880 2128; x_wconf 75' lang='grc' dir='ltr'><em>βοῶπις,</em></span> <span class='ocrx_word' id='word_1_182' title='bbox 920 2077 1163 2132; x_wconf 82' lang='grc' dir='ltr'><em>κισσοκόμης,</em></span> <span class='ocrx_word' id='word_1_183' title='bbox 1205 2078 1480 2132; x_wconf 79' lang='grc' dir='ltr'><em>μιλτοπάρῃος,</em></span> 
     </span>
     <span class='ocr_line' id='line_1_30' title="bbox 168 2143 1480 2199; baseline -0.003 -14"><span class='ocrx_word' id='word_1_184' title='bbox 168 2145 458 2199; x_wconf 82' lang='grc' dir='ltr'><em>ῥοδοδάκτυλος,</em></span> <span class='ocrx_word' id='word_1_185' title='bbox 503 2143 718 2195; x_wconf 82' lang='grc' dir='ltr'><em>εἶροπόκος,</em></span> <span class='ocrx_word' id='word_1_186' title='bbox 762 2143 1019 2198; x_wconf 83' lang='grc' dir='ltr'><em>κυανοχαίτης,</em></span> <span class='ocrx_word' id='word_1_187' title='bbox 1063 2149 1268 2193; x_wconf 81' lang='grc' dir='ltr'><em>κυανῶπις,</em></span> <span class='ocrx_word' id='word_1_188' title='bbox 1311 2143 1480 2197; x_wconf 78' lang='grc' dir='ltr'><em>κύκλωψ,</em></span> 
     </span>
     <span class='ocr_line' id='line_1_31' title="bbox 169 2208 1481 2265; baseline -0.001 -13"><span class='ocrx_word' id='word_1_189' title='bbox 169 2210 450 2265; x_wconf 84' lang='grc' dir='ltr'><em>χαλκοπάρῃος,</em></span> <span class='ocrx_word' id='word_1_190' title='bbox 486 2208 715 2260; x_wconf 76' lang='grc' dir='ltr'><em>χαλκόπους,</em></span> <span class='ocrx_word' id='word_1_191' title='bbox 745 2208 1017 2261; x_wconf 71' lang='grc' dir='ltr'><strong>χρυσόπτερος,</strong></span> <span class='ocrx_word' id='word_1_192' title='bbox 1051 2208 1323 2264; x_wconf 53' lang='grc' dir='ltr'><em>ἀγκυλοχείλης,</em></span> <span class='ocrx_word' id='word_1_193' title='bbox 1364 2208 1481 2263; x_wconf 80' lang='grc' dir='ltr'><em>ἀκρό-</em></span> 
     </span>
     <span class='ocr_line' id='line_1_32' title="bbox 169 2273 1481 2329; baseline -0.001 -12"><span class='ocrx_word' id='word_1_194' title='bbox 169 2293 300 2328; x_wconf 88' lang='grc' dir='ltr'><em>κομος,</em></span> <span class='ocrx_word' id='word_1_195' title='bbox 340 2274 591 2325; x_wconf 79' lang='grc' dir='ltr'><em>ἅνιπτόπους,</em></span> <span class='ocrx_word' id='word_1_196' title='bbox 631 2273 844 2327; x_wconf 83' lang='grc' dir='ltr'><em>ἀργιόδους,</em></span> <span class='ocrx_word' id='word_1_197' title='bbox 885 2273 1083 2329; x_wconf 73' lang='grc' dir='ltr'><em>ἄργίπους,</em></span> <span class='ocrx_word' id='word_1_198' title='bbox 1122 2273 1321 2328; x_wconf 78' lang='grc' dir='ltr'><em>ἀρτίπους,</em></span> <span class='ocrx_word' id='word_1_199' title='bbox 1345 2278 1481 2327; x_wconf 76' lang='grc' dir='ltr'><em>βλοσυ-</em></span> 
     </span>
     <span class='ocr_line' id='line_1_33' title="bbox 169 2339 1480 2395; baseline -0.001 -12"><span class='ocrx_word' id='word_1_200' title='bbox 169 2348 307 2395; x_wconf 88' lang='grc' dir='ltr'><em>ρῶπις,</em></span> <span class='ocrx_word' id='word_1_201' title='bbox 340 2344 572 2395; x_wconf 80' lang='grc' dir='ltr'><em>γλαυκῶπις,</em></span> <span class='ocrx_word' id='word_1_202' title='bbox 605 2339 856 2392; x_wconf 83' lang='grc' dir='ltr'><em>δασύμαλλος,</em></span> <span class='ocrx_word' id='word_1_203' title='bbox 884 2340 1177 2394; x_wconf 82' lang='grc' dir='ltr'><em>δουλιχόδειρος,</em></span> <span class='ocrx_word' id='word_1_204' title='bbox 1204 2340 1480 2394; x_wconf 79' lang='grc' dir='ltr'><em>ἐκατόγχειρος,</em></span> 
     </span>
     <span class='ocr_line' id='line_1_34' title="bbox 170 2405 1481 2463; baseline -0.001 -14"><span class='ocrx_word' id='word_1_205' title='bbox 170 2406 450 2463; x_wconf 79' lang='grc' dir='ltr'><em>εὖρυμέτωπος,</em></span> <span class='ocrx_word' id='word_1_206' title='bbox 499 2406 712 2459; x_wconf 73' lang='grc' dir='ltr'><em>καλλίθριξ,</em></span> <span class='ocrx_word' id='word_1_207' title='bbox 756 2405 996 2458; x_wconf 77' lang='grc' dir='ltr'><em>καλλίκομος,</em></span> <span class='ocrx_word' id='word_1_208' title='bbox 1041 2406 1312 2463; x_wconf 79' lang='grc' dir='ltr'><em>καλλιπάρῃος,</em></span> <span class='ocrx_word' id='word_1_209' title='bbox 1352 2409 1481 2448; x_wconf 87' lang='grc' dir='ltr'><em>καλλι-</em></span> 
     </span>
     <span class='ocr_line' id='line_1_35' title="bbox 169 2471 1482 2528; baseline -0.002 -13"><span class='ocrx_word' id='word_1_210' title='bbox 169 2473 383 2525; x_wconf 84' lang='grc' dir='ltr'><em>πλόκαμος,</em></span> <span class='ocrx_word' id='word_1_211' title='bbox 423 2473 688 2528; x_wconf 85' lang='grc' dir='ltr'><em>καλλίσφυρος,</em></span> <span class='ocrx_word' id='word_1_212' title='bbox 730 2471 1001 2526; x_wconf 80' lang='grc' dir='ltr'><em>καρχαρόδους,</em></span> <span class='ocrx_word' id='word_1_213' title='bbox 1040 2472 1311 2524; x_wconf 81' lang='grc' dir='ltr'><em>κυλλοποδίων,</em></span> <span class='ocrx_word' id='word_1_214' title='bbox 1342 2472 1482 2513; x_wconf 83' lang='grc' dir='ltr'><em>λευκώ-</em></span> 
     </span>
    </p>
   </div>
  </div>
 </body>
</html>
