1835 2968
735 713 841 771 ΠΙ.

416 828 719 910 Composita
772 829 1161 910 dependentiae.

233 969 364 1019 Hujus
402 972 554 1016 generis
592 971 807 1020 composita
844 970 893 1009 ab
930 971 989 1023 iis,
1025 970 1073 1008 de
1100 969 1240 1019 quibus
1262 970 1345 1020 jam
1372 971 1444 1018 egi,

131 1035 513 1074 determinativorum
553 1040 592 1075 et
629 1037 929 1086 possessivorum
961 1049 1007 1074 eo
1040 1035 1235 1084 differunt,
1264 1035 1367 1085 quod
1393 1036 1447 1073 al-

130 1104 254 1140 teram
294 1100 419 1140 altera
457 1115 548 1152 pars
587 1103 696 1151 regit.
755 1101 933 1151 Regendi
971 1105 1101 1141 autem
1140 1101 1242 1141 ratio
1282 1114 1446 1151 quorum

129 1167 231 1204 inter
269 1171 402 1215 partes
439 1168 681 1207 intercedere
720 1168 896 1218 putanda
927 1169 978 1206 sit
1009 1180 1150 1215 magna
1177 1171 1236 1206 est
1262 1167 1447 1206 dissensio

130 1232 232 1271 inter
259 1231 404 1272 doctos.
445 1232 580 1284 Atque
608 1234 776 1284 primum
803 1247 860 1282 ea,
889 1246 1054 1283 quorum
1082 1234 1190 1283 prior
1216 1246 1308 1283 pars
1334 1246 1448 1282 gene-

130 1299 208 1336 tivo
239 1300 453 1347 possessivo
485 1300 545 1337 vel
578 1300 707 1338 dativo
734 1299 948 1338 adverbiali
973 1299 1195 1348 respondet,
1223 1311 1293 1337 cur
1319 1300 1359 1337 in
1385 1312 1447 1347 ge-

131 1377 223 1402 nere
250 1363 518 1414 dependentiae
545 1365 726 1415 ponenda
752 1378 828 1404 non
855 1369 983 1404 essent
1003 1365 1086 1415 jam
1113 1378 1233 1415 supra
1256 1364 1346 1403 dixi.
1387 1365 1448 1404 At

131 1432 174 1467 ut
212 1442 259 1468 ea.
296 1430 336 1467 in
376 1443 536 1470 numero
576 1431 843 1481 dependentiae
874 1432 1175 1481 compositorum
1206 1431 1269 1469 vix
1295 1431 1446 1470 ratione

129 1496 222 1544 poni
253 1500 428 1545 possunt,
460 1498 516 1536 ita
547 1497 759 1536 cavendum
793 1501 851 1536 est
876 1511 925 1535 ne
951 1497 1026 1536 hoe
1051 1497 1091 1535 in
1117 1510 1258 1545 genere
1285 1498 1446 1536 eircum-

130 1560 294 1600 cidendo
321 1562 462 1601 nimius
488 1563 550 1602 sis.

232 1628 282 1666 In
322 1628 590 1678 dependentiae
623 1630 774 1678 generis
806 1629 1027 1678 compositis
1064 1627 1352 1678 pertractandis
1390 1628 1446 1667 ita

129 1696 288 1732 acturus
315 1708 411 1743 sum,
439 1699 483 1733 ut
508 1696 675 1745 primum
702 1708 759 1740 ea,
787 1707 952 1744 quorum
976 1707 1068 1745 pars
1087 1707 1224 1743 regens
1242 1697 1302 1732 est
1318 1693 1446 1744 adjec-

129 1759 260 1809 tivum,
294 1760 434 1799 deinde
467 1774 524 1809 ea,
552 1773 716 1810 quorum
742 1764 802 1799 est
825 1761 1060 1810 praepositio,
1086 1764 1170 1799 tum
1196 1772 1360 1809 quorum
1387 1763 1447 1798 est

129 1824 247 1875 stirps
273 1825 439 1865 verbalis
466 1838 668 1877 exponam.

129 1965 160 2015 1.
213 1966 361 2018 Altera
391 1980 499 2030 pars
532 1971 599 2019 est
623 1968 889 2032 adjectivum
916 1968 1028 2030 quod
1052 1967 1242 2018 alteram
1271 1969 1444 2030 partem

569 2049 688 2095 certo
721 2058 829 2095 casu
861 2048 1004 2105 regat.

232 2157 266 2195 l.
313 2157 478 2206 Soepius
497 2157 560 2207 fit,
577 2159 626 2196 ut
643 2157 789 2206 priore
809 2157 854 2195 in
872 2157 995 2206 parte
1015 2155 1268 2195 vocabulum
1289 2167 1445 2206 regens

127 2221 317 2270 positum
346 2223 416 2262 sit.

230 2315 362 2365 Hujus
389 2317 540 2364 generis
566 2315 789 2365 composita,
817 2327 903 2364 quae
930 2327 1056 2363 graeeo
1081 2314 1123 2353 in
1147 2328 1324 2354 sermone
1350 2316 1446 2354 satis

127 2392 255 2430 pauca
293 2384 394 2430 sunt,
434 2393 459 2419 a
496 2381 687 2431 principio
718 2381 758 2418 in
788 2392 930 2428 genere
967 2379 1352 2419 determinativorum
1384 2380 1445 2419 vel

126 2448 428 2496 possessivorum
467 2447 584 2486 fuisse
622 2450 662 2486 et
699 2447 914 2498 posteriore
945 2446 1100 2486 demum
1133 2449 1260 2497 aetate,
1292 2450 1445 2487 mutata
