1835 2968
962 186 1056 222 70⁴

323 286 506 333 gustioris
545 286 835 333 significationis
875 285 994 323 verba
1031 286 1088 323 ita
1127 289 1172 323 ut
1209 275 1319 322 illa1n¹
1348 285 1421 322 vim
1455 284 1640 334 majorem

323 350 510 400 singulari
550 349 718 401 quodam
757 350 872 391 modo
911 349 1082 390 habeant
1098 351 1142 395 ¹).
1197 350 1324 402 Quam
1363 349 1413 389 ob
1445 363 1527 390 rem
1558 349 1641 389 haec

323 417 424 456 ratio
464 417 679 466 composita
717 417 935 456 nominibus
973 416 1211 466 adjungendi
1237 415 1445 465 cogitanda
1471 420 1531 461 est
1555 419 1661 467 orta,

321 494 371 520 ex
409 494 468 530 eo,
508 481 614 532 quod
653 495 793 521 nomen
819 481 916 521 illud
943 481 1136 532 objectum
1163 486 1251 522 erat
1275 481 1358 533 ejus
1384 481 1504 530 verbi,
1531 481 1641 531 cujus

322 548 440 599 stirps
465 549 505 587 in
531 549 748 599 posteriore
775 553 888 599 parte
914 549 1041 599 posita
1066 552 1141 588 est:
1175 545 1340 587 ἐλαύνειν
1365 544 1485 599 φυγήν
1506 558 1641 596 qenom

324 611 584 665 bortdrifninq
623 608 889 654 dstadkomma
925 614 1024 664 flykt
1061 612 1295 667 (δημήλατος
1332 613 1458 666 φυγή),
1492 610 1643 664 ῥίπτειν

321 676 420 728 ἀράν
447 693 581 729 yenom
614 682 803 720 kastande
841 681 1052 720 verkstdlla
1088 680 1348 727 forbannelse,
1387 676 1643 732 (δημορριφής

321 743 433 797 ἀρά),
478 744 702 798 τιτρώσκειν
745 744 884 785 πάθεα
924 759 1059 796 yenom
1097 746 1168 786 δᾶν
1198 745 1414 795 ῙόνονεαΙῡα
1461 745 1641 784 zidanden

321 808 595 861 (παιδότρωτα
623 810 791 862 πάθεα),
818 816 951 851 cetera
977 811 1111 850 eodem
1138 811 1264 851 modo.

423 876 493 917 Ad
532 878 704 918 suethice
741 878 1079 929 interpretandum
1118 891 1354 928 quamquam
1393 879 1532 928 saepius
1568 879 1640 917 cir-

320 943 490 982 cuitione
523 956 620 993 opus
646 948 716 992 est,
750 948 880 983 tamen
908 945 1025 982 etiam
1051 944 1145 982 lieet
1172 945 1386 993 composita
1411 945 1467 982 ita
1495 944 1640 992 fingere

321 1011 366 1047 ut
380 1009 636 1059 posteriorem
655 1010 858 1060 compositi
876 1013 1027 1060 partem
1048 1010 1201 1049 nomine
1226 1010 1389 1049 aetionis
1413 1009 1637 1049 reddamus:

261 1066 264 1069 ’
320 1074 743 1123 steninqsffirbannelse
795 1076 1125 1124 (steninqsstraff)
1178 1087 1309 1124 qenom
1358 1075 1492 1122 folket,
1544 1076 1637 1124 tjcir-

322 1139 668 1189 bestrykninqseld.

423 1205 491 1244 Ab
532 1206 707 1246 Homero
743 1208 815 1246 hoc
848 1220 967 1256 genus
994 1206 1112 1245 verba
1138 1206 1398 1245 transferendi
1425 1219 1546 1257 prope
1573 1207 1639 1245 ali-

319 1283 435 1309 enum
476 1271 593 1310 fuisse
633 1273 803 1312 videtur:
832 1269 1072 1324 κλῃροπαλής
1098 1272 1266 1323 (hymn.)
1290 1285 1424 1321 yenom
1451 1273 1636 1321 skakniny

319 1337 404 1375 med
430 1337 598 1376 lotterna
624 1339 911 1377 dstadlcommen
938 1338 1163 1390 (fordelad).
1218 1338 1342 1389 Soph:
1386 1335 1639 1389 &quoia-‹5104-

318 1399 450 1452 φόνος,
477 1400 730 1449 λιθόλειπστος
755 1400 880 1455 Ἄρης.

420 1468 552 1508 Etiam
580 1483 627 1509 ex
653 1471 699 1509 iis
726 1483 812 1520 quae
839 1483 960 1520 supra
985 1471 1040 1520 (p.
1070 1473 1118 1509 30
1145 1472 1248 1520 sqq.)
1274 1471 1518 1521 exposuimus
1537 1483 1637 1523 com·

317 1535 453 1583 positis
479 1539 540 1573 est
570 1549 689 1574 unum
722 1536 946 1584 alterumve,
979 1537 1082 1585 quod
1110 1537 1183 1575 hac
1210 1537 1360 1575 ratione
1388 1537 1636 1586 interpretari

317 1599 448 1639 liceat:
490 1598 702 1646 πολύδονος
741 1599 864 1653 πλάνη
903 1603 957 1652 (p.
999 1603 1066 1652 31)
1110 1601 1262 1644 irrfdrd
1300 1615 1435 1651 yenom
1480 1601 1636 1651 (under)

318 1665 463 1714 mycket
489 1666 816 1715 krinydrifvande‚
842 1664 1140 1716 νυκτίπλαγκτος
1167 1666 1287 1713 πόνος
1313 1670 1367 1718 (p.
1394 1669 1463 1717 43)
1483 1668 1636 1705 lida-nde

317 1732 332 1770 i
353 1730 459 1780 ffiljd
483 1731 534 1781 af
555 1731 873 1780 krinydrifvande
899 1745 958 1772 om
984 1736 1130 1780 milen,
1162 1730 1402 1782 δυσκύμαντα
1442 1730 1539 1771 κακά
1579 1735 1633 1783 (Ρ.

316 1799 386 1847 46)
412 1798 567 1847 olyckor
593 1800 606 1835 ι’
629 1798 735 1846 fbbd
758 1798 809 1844 af
826 1798 1048 1847 forderfliyt
1065 1799 1278 1837 svallaude.
1318 1800 1488 1838 Possunt
1505 1804 1634 1840 tamen

317 1863 412 1902 talia
437 1864 569 1913 qualia
594 1868 686 1903 sunt
714 1861 923 1908 ιτολύδοιός
950 1861 1084 1915 πλάνη,
1113 1861 1409 1914 νυκτίπλαγκτος
1435 1861 1556 1909 πόνος
1581 1865 1636 1903 ita

316 1928 491 1977 intelligi,
518 1933 562 1967 ut
587 1929 778 1978 adjectiva
803 1929 872 1967 illa
897 1929 1072 1977 genetivo
1099 1930 1371 1979 respondeant,
1392 1929 1496 1979 quod
1516 1942 1635 1977 genus

316 1993 421 2045 apud
448 1998 584 2045 poetas
611 2007 688 2035 non
715 2007 806 2035 raro
832 1998 1064 2045 usurpatum
1091 1995 1151 2034 cfr
1178 1992 1491 2044 πρωτοκτόνοισι,
1511 2007 1634 2042 προσ-

316 2061 484 2107 τροπαῖς
523 2057 676 2107 Ἰξίονος
720 2062 776 2111 (p.
825 2062 892 2110 31)
939 2060 1088 2105 Ixion-5⁸,
1129 2063 1199 2115 den
1233 2061 1367 2109 f'o'rste
1411 2061 1634 2098 mbram-ens

318 2125 442 2172 ὀόηθν,
483 2122 690 2164 ἀντίτυπον
722 2125 844 2174 δέμας
869 2127 923 2177 (p.
954 2127 1030 2177 35),
1065 2123 1298 2176 διαδρόμους
1323 2123 1447 2177 φυγάς
1472 2127 1527 2182 (p.
1556 2129 1632 2177 35),

315 2191 558 2239 χαμαιπετὲς
582 2190 714 2240 βόαμα
741 2193 796 2242 (p.
823 2194 900 2242 60).

418 2257 498 2295 Hic
536 2257 920 2297 animadvertendum
958 2262 1017 2297 est
1055 2269 1344 2306 nonnumquam
1371 2256 1467 2305 fieri,
1498 2260 1543 2295 ut
1567 2269 1633 2306 po·

314 2324 455 2361 sterior
495 2336 587 2373 pars
626 2324 742 2362 etiam
783 2327 864 2362 tum
897 2337 1014 2373 quum
1042 2324 1208 2363 activam
1235 2323 1380 2361 habeat
1405 2323 1492 2371 vim,
1519 2323 1633 2371 signi-

419 2465 443 2507 ¹)
465 2463 521 2497 Cfr
542 2465 620 2498 Cav.
640 2465 736 2506 Synt.
759 2467 774 2504 5
796 2465 845 2498 33.
