1835 2968
970 198 1020 234 56

328 301 413 347 305,
449 308 468 338 1
500 295 601 347 (ε’-ην
625 294 795 347 ἔποπα),
836 293 1069 348 καταιβάτης
1114 298 1184 339 aL:
1202 307 1268 347 pu.
1286 298 1381 349 359
1403 293 1649 346 Ι(κεραυνός),

327 359 524 414 κατόπτης
568 362 605 401 h.
649 366 746 414 sept.
791 365 852 410 41,
900 365 984 411 369,
1032 359 1284 415 παραστάτης
1329 362 1378 401 al.
1419 374 1520 412 pers,
1562 364 1649 411 956,

329 426 535 481 παρβάτης
561 430 598 468 h.
617 430 650 479 ¹)
678 442 778 468 eum.
806 417 892 478 553,
921 425 1114 479 προδότης
1139 429 1190 469 al.
1210 443 1269 480 pr.
1294 432 1402 477 1068,
1431 425 1652 480 προστάτης

329 495 379 535 31.
422 499 519 546 sept.
552 497 639 543 408,
682 491 882 546 προφήτης
907 494 956 532 al.
984 498 1082 544 sept.
1111 497 1197 543 611,
1226 491 1444 545 συνωμότης
1470 494 1520 533 al.
1549 506 1648 532 eum.

331 565 416 612 127,
443 558 633 614 ὑπηρέτης
658 561 708 601 al.
736 574 796 612 pr.
825 563 911 610 954,
940 563 1025 600 983.

431 629 483 667 P:
512 624 695 672 ἐπόπτας
720 628 770 666 al.
797 640 897 666 nem.
926 627 1006 676 IX,
1034 629 1069 675 5,
1098 625 1349 676 ἐριβρεμέτας
1375 628 1413 666 11.
1439 628 1539 665 istm.
1567 627 1651 676 III,

331 698 381 735 64
418 692 548 745 (ἐ-τᾶν
575 693 735 746 θηρῶν),
775 689 1024 742 ἕρικλάγκτας
1061 696 1140 744 pyt.
1173 692 1279 742 XII,
1320 696 1366 733 21
1408 690 1510 744 (ἐ-αν
1535 690 1652 744 γόον),

332 757 533 810 εὐεργέτας
570 760 620 798 al.
661 760 709 799 ol.
751 760 809 807 II,
852 761 936 806 104,
978 756 1235 807 παραστάτας
1273 759 1322 797 al.
1351 772 1450 798 nem.
1479 759 1562 807 ΙΙΙ,
1591 761 1651 806 36,

333 823 543 879 προφάτας
568 826 618 865 al.
646 838 745 864 nem.
775 825 808 874 I,
837 827 898 875 60,
927 821 1131 874 συμπότας
1156 824 1206 864 al.
1233 824 1283 864 ol.
1312 825 1346 875 I,
1374 829 1435 865 61.

433 920 470 966 β.
524 917 628 956 Pars
646 918 844 966 posterior
866 918 1067 966 passivam
1092 918 1166 955 vim
1193 917 1319 955 habet.

435 999 515 1038 Ae:
544 994 677 1050 άτίτης
693 999 728 1049 ²)
755 1012 815 1047 ag.
846 1001 904 1047 72,
933 1012 1032 1038 eum.
1061 1001 1146 1047 256,
1175 996 1315 1050 ἐφέτης
1333 999 1366 1050 ³)
1392 999 1442 1038 al.
1469 1012 1570 1049 pers.
1594 1002 1652 1048 79,

333 1061 613 1114 παρασπιστής
638 1064 688 1102 al.
716 1065 762 1103 fr.
792 1068 877 1103 309.

435 1130 568 1181 Hujus
585 1131 737 1179 generis
755 1130 818 1181 (4)
836 1131 1137 1181 compositorum
1154 1131 1194 1170 in
1213 1144 1300 1183 -ῑης
1318 1130 1423 1182 apud
1437 1130 1654 1170 Homerum

333 1198 457 1238 multa
490 1200 586 1236 'sunt
617 1200 657 1235 et
690 1196 846 1247 quidem
872 1197 988 1247 plura
1014 1198 1149 1236 activae
1176 1197 1237 1236 vel
1263 1199 1516 1237 intransitivae
1542 1198 1655 1246 signi-

333 1263 542 1303 ficationis:
585 1259 855 1314 ἐμπυριβήτης,
895 1258 1181 1315 άκαλαρρείτης,
1220 1260 1486 1315 βαθυρρείτης,
1512 1259 1653 1315 ’ἠπερο-

334 1326 485 1380 πευτής,
537 1324 808 1379 ἀγχιμαχητής,
861 1325 1098 1380 αἰειγενέτης,
1151 1325 1356 1380 εὐρρείτης,
1407 1325 1655 1380 μετανάστης,

334 1390 551 1446 ὑποφήτης,
604 1389 883 1445 ὑψιβρεμέτης-ς
934 1393 1036 1432 Hes:
1083 1391 1347 1446 πρωτηρότης,
1392 1391 1654 1445 μεταναιέτης,

336 1455 548 1510 ὀψαρότης.
601 1457 678 1497 Sed
719 1462 849 1497 tamen
888 1472 937 1497 ne
976 1460 1138 1508 passivae
1178 1459 1333 1508 quidem
1367 1459 1656 1508 significationis

336 1524 513 1574 exempla
551 1523 692 1562 desunt
730 1523 835 1573 apud
868 1523 1102 1562 Homerum:
1143 1520 1443 1575 ἶπποκορυστής,
1470 1524 1656 1571 χαλκοκο-

336 1587 473 1642 ρυστής
497 1589 576 1640 (cfr
602 1590 727 1640 simpl.
755 1586 948 1640 κορυστὴς,
975 1585 1197 1641 ἀσπιστής).

439 1656 652 1706 Sophocles
690 1660 820 1695 autem
860 1655 1156 1695 determinativa
1194 1658 1232 1695 in
1275 1671 1362 1708 -της
1394 1669 1521 1706 pauca
1545 1656 1657 1695 finxit

336 1719 556 1773 (οἶοβώτης,
584 1717 811 1771 άγροβότας,
839 1717 1101 1772 ὀρεσσιβάτης,
1129 1721 1442 1772 βαρυβρεμέτης).

440 1855 475 1891 5.
529 1851 639 1891 Pars
667 1851 886 1901 posterior
913 1851 1070 1891 suffixo
1098 1866 1138 1898 ες
1163 1852 1361 1892 formata.

440 1956 476 1982 a.
530 1942 789 1982 Proedicativa
815 1944 917 1981 ratio
943 1944 1104 1982 interest
1130 1945 1230 1982 inter
1253 1947 1400 1993 partes.

441 2038 478 2062 α.
530 2024 635 2063 Pars
665 2013 859 2073 posterior
889 2024 1204 2074 siynfficationem
1231 2026 1394 2063 activam
1422 2023 1480 2061 vel
1505 2024 1656 2062 intran-

338 2092 492 2131 sitivum
517 2090 644 2129 habet.

428 2150 523 2210 *Aet
565 2165 768 2222 άρχηγενής
806 2182 866 2219 ag.
909 2172 1006 2209 1628
1045 2171 1182 2221 (ταῦτα
1209 2166 1314 2222 τᾶπη·
1341 2166 1565 2218 κλαυμάτων
1591 2166 1658 2223 ά-ῗ]
1694 2170 1705 2181 ¹

340 2250 422 2277 som
451 2236 579 2284 blifvit
605 2237 782 2288 (utyo'ra)
812 2237 960 2285 borjan,
992 2237 1051 2275 cfr
1077 2238 1116 2275 id
1136 2237 1240 2287 quod
1259 2236 1381 2276 nostri
1400 2235 1534 2290 dicunt
1553 2249 1658 2275 men-

445 2378 472 2417 ¹)
494 2377 692 2417 παραβάτης.

445 2428 474 2465 ²)
495 2426 561 2458 Alii
584 2426 692 2458 active
713 2426 987 2467 interpretantur.

443 2479 470 2519 ³)
491 2477 560 2509 Alii
581 2477 704 2516 active;
726 2477 777 2509 cfr
795 2477 875 2509 Pott
895 2477 938 2518 11,
958 2488 982 2518 1,
1004 2478 1076 2510 968.
