1835 2968
985 227 1058 264 120

353 339 452 365 eum.
495 329 580 375 366,
614 326 719 376 quod
745 329 876 365 tamen
903 329 1138 376 postremum
1167 326 1217 365 ab
1243 327 1456 377 interprete
1482 326 1677 378 adjectum

353 406 436 432 esse
463 396 597 432 censet
623 392 741 431 Dind.

457 459 709 509 Adjectivum
752 459 857 509 quod
897 463 956 498 est
994 458 1114 506 μέσος
1139 459 1179 497 in
1205 460 1336 509 priore
1362 464 1475 510 parte
1502 460 1585 499 haec
1611 460 1679 499 ha-

354 526 464 565 bent:
519 526 599 564 Ae:
639 523 835 573 μέσακτος
873 539 975 577 pers.
1016 528 1090 564 889
1131 524 1219 576 (τὰς
1259 521 1463 575 dymno-«g
1502 523 1679 576 ἐκράτυνε

354 593 497 643 Ιιι-ο-ι·ς),
536 588 791 642 μεσόμφαλος
830 592 879 631 al.
921 597 1017 642 sept.
1060 595 1130 631 747
1171 590 1458 643 (xqrsowlpt'mg)
1490 593 1550 632 ch.
1581 596 1678 631 1036

355 657 546 708 (ἵδρυμα),
586 670 645 705 ag.
683 660 780 695 1056
813 654 995 708 (ἑστίας).
1049 658 1098 697 Ρ;
1127 654 1373 705 μεσονύκτιος
1399 658 1448 697 al.
1475 659 1575 698 istm.
1603 658 1677 707 VI,

355 728 377 763 5
406 726 518 774 (μ-ον
543 721 736 771 δεξαμένα
763 722 830 760 τὸν
856 721 1076 774 φέρτατον).

461 790 611 828 Eorum
621 790 634 796 '⁴
646 788 694 826 de
728 789 868 838 quibus
895 802 1015 839 supra
1041 789 1204 827 disserui
1232 788 1499 839 dependentiae
1527 802 1679 840 compo-

356 858 519 895 sitorum
545 868 638 905 pars
664 856 857 905 posterior
890 854 1067 904 genetivo
1100 855 1320 905 respondet.
1366 856 1509 895 Dativo
1548 860 1679 895 autem

357 935 523 972 quorum
564 934 656 971 pars
695 922 889 971 posterior
915 922 1151 971 respondeat
1176 922 1239 960 vix
1264 922 1343 960 alia
1369 925 1460 961 sunt
1486 923 1524 960 in
1552 935 1679 971 graeco

355 1001 533 1027 sermone
561 1000 677 1037 quam
704 1000 761 1035 ea,
790 1000 956 1037 quorum
983 988 1092 1037 prior
1119 1001 1210 1037 pars
1236 992 1297 1027 est
1320 983 1407 1032 ἴσος
1433 987 1678 1038 adjectivum.

356 1055 426 1094 Ad
464 1053 753 1093 similitudinem
794 1053 997 1092 Homerici
1038 1050 1197 1097 ἰσόθεος
1236 1067 1337 1103 pers.
1379 1057 1439 1102 80,
1481 1057 1556 1093 856
1597 1055 1679 1094 haec

355 1121 468 1158 finxit
485 1120 722 1169 Aeschylus:
752 1116 955 1167 ἱσάργυρος
981 1131 1040 1166 ag.
1061 1121 1134 1155 959
1162 1116 1384 1169 (πορφύρας
1410 1116 1489 1155 ἱ-ον
1515 1119 1678 1171 κςκῖδα),

356 1182 571 1233 ἰσοδαίμων
596 1189 650 1235 pt.
678 1198 779 1234 pers.
809 1187 894 1232 633,
927 1181 1115 1233 ἱσόιέιρος
1140 1198 1199 1234 pr.
1228 1187 1313 1232 548,
1355 1180 1517 1230 ἰσόπαις
1542 1199 1602 1234 ag.
1633 1189 1678 1224 75

356 1249 480 1298 (ἰσχὺν
518 1248 633 1297 ἰ-ὸα),
674 1247 911 1297 ἰσόπρεσβυς
937 1262 996 1298 ag.
1028 1253 1074 1287 78
1101 1246 1285 1297 (persicis).
1337 1249 1533 1289 Pindarus
1559 1264 1679 1290 unum

356 1317 492 1356 habet:
520 1313 743 1364 ἰσόδενδρος
769 1316 816 1354 fr.
847 1317 918 1353 146
946 1311 1132 1360 (αἰῶνος).

460 1383 557 1433 Quae
597 1383 637 1420 in
676 1382 860 1420 extremis
900 1381 1085 1430 exemplis
1124 1381 1250 1420 tribus
1283 1381 1490 1433 adhibetur
1517 1382 1680 1422 brevilo-

358 1449 519 1498 quentia
546 1448 740 1486 simillima
767 1451 827 1485 est
844 1447 938 1495 ejus,
960 1459 1045 1494 quae
1071 1446 1112 1484 in
1135 1442 1223 1491 ἰ’σος
1249 1447 1439 1497 adjectivo
1458 1447 1679 1488 adhibendo

358 1518 436 1554 nen
463 1526 555 1554 rara
584 1517 644 1552 est
677 1512 754 1556 (cfr
781 1512 900 1552 Hom.
929 1512 977 1551 Il.
1009 1514 1080 1551 163
1109 1508 1150 1550 οὗ
1177 1510 1250 1560 μὲν
1276 1509 1340 1551 σοί
1366 1526 1465 1551 ποτε
1489 1506 1575 1551 ἶσον
1602 1510 1678 1562 ἔχω

356 1580 472 1630 γέρας
496 1593 570 1630 pro
595 1574 681 1617 ἶσον
706 1577 821 1629 γέρας
847 1581 902 1628 τῷ
929 1582 986 1628 σῷ
1014 1577 1156 1627 γέραϊ).

459 1645 524 1685 Ne
551 1646 656 1695 apud
684 1646 780 1684 alios
807 1644 961 1694 quidem
990 1646 1199 1694 scriptores
1218 1644 1359 1684 desunt
1384 1647 1561 1696 exempla
1588 1660 1680 1696 quo-

356 1726 444 1752 rum
470 1713 580 1762 prior
605 1725 697 1762 pars
726 1707 814 1756 ἴσος
844 1715 956 1760 regat
986 1711 1256 1761 posteriorem:
1290 1707 1501 1762 ἰσάδελφος
1534 1713 1678 1760 (Eun),

356 1776 538 1826 ἰσάνεμος
576 1778 720 1826 (Eun),
763 1774 997 1821 ἰσοκίνδυνος
1029 1777 1198 1825 (Thuc.)‚
1232 1773 1401 1822 ἷσόνεκιπς
1427 1778 1569 1827 (Eun),
1597 1776 1678 1817 ἰσο-

357 1841 516 1881 amram
541 1847 644 1893 (pt),
673 1840 863 1893 ἰσοχειλής
889 1842 992 1887 (Χ.).

461 1909 680 1959 Saepissime
724 1913 854 1947 tamen
897 1908 947 1946 ad
986 1908 1203 1957 possessiva
1241 1909 1456 1958 composita
1498 1909 1681 1958 fingenda

357 1975 581 2014 adhibetur:
633 1971 863 2022 ἰσάριθμος,
917 1970 1138 2023 ἰσήρετμος,
1182 1970 1413 2020 ἰσοδιίιιτος,
1458 1971 1679 2027 ἰσοκρατής,

357 2039 602 2091 ἰσομεγέθης,
646 2037 907 2088 ἱσομέτωπος,
952 2036 1149 2087 ἰσόμορος,
1192 2035 1395 2090 ἷσοπαλής,
1439 2036 1679 2090 ἰσόκιλευρος,

357 2103 586 2157 ἱσοπληθής,
613 2102 822 2156 ἰσοσκελής.

460 2170 529 2209 Ad
556 2171 856 2210 determinativa
881 2175 1012 2210 autem
1032 2171 1214 2219 fingenda
1232 2172 1305 2210 nisi
1323 2171 1428 2221 apud
1447 2173 1681 2222 posteriores

357 2238 568 2287 scriptores
581 2250 673 2275 raro
687 2236 912 2275 adhibetur:
933 2234 1120 2288 ἰσοφόρος
1139 2237 1241 2285 (Η.),
1261 2234 1512 2288 ἰσομέτρητος
1530 2238 1680 2287 (Plat.)‚

357 2301 558 2348 -τέλεστος
599 2302 766 2352 (Soph.).
820 2302 1033 2341 Rarissime
1074 2316 1165 2342 vero
1205 2303 1454 2353 conjungitur
1480 2316 1566 2342 cum
1594 2304 1681 2342 sub-

356 2369 542 2408 stantivo:
571 2365 759 2406 ἰσόπεδον
784 2368 887 2413 (Η.).

461 2434 558 2485 Quae
598 2447 718 2485 supra
751 2434 830 2473 dixi
864 2434 1134 2484 dependentiae
1161 2436 1376 2485 composita
1401 2434 1450 2474 ab
1477 2432 1562 2472 ἰσο-
1587 2436 1680 2475 inci-

356 2502 504 2552 pientia
542 2502 582 2539 in
620 2501 667 2539 iis
706 2502 896 2540 rationem
936 2500 1095 2550 regendi
1122 2514 1146 2540 a
1171 2502 1363 2551 principio
1390 2501 1537 2540 nullam
1563 2502 1680 2541 fuisse
