1835 2968
974 216 1024 255 14

332 318 455 357 tivum
493 317 663 367 positum
702 321 774 357 est.
828 317 951 367 Cujus
977 318 1142 370 generis
1156 330 1283 367 neque
1309 317 1509 357 Homerus
1533 331 1660 368 neque

333 382 548 434 Sophocles
562 381 687 422 multa
700 382 913 422 finxerunt:
933 376 993 422 Hi
1010 379 1209 434 ἱστοπέδῃ,
1224 379 1446 435 δουροδόκη,
1461 380 1661 436 ἱστοδόκῃ

332 449 436 489 Hes:
465 445 618 501 οἰνοχόη
644 449 891 501 (vinkanna),
919 449 1045 501 Soph:
1073 445 1313 501 ἅγωνοθήκη.
1367 449 1542 501 Quorum
1568 464 1662 502 pars

333 516 528 567 posterior
571 519 632 555 est
675 512 800 567 -δόκη,
839 512 930 568 -χόη
970 528 1105 556 eorum
1142 515 1246 555 inter
1284 519 1418 567 partes
1457 515 1662 568 objectiva,

333 587 379 623 ut
417 583 540 635 ajunt,
581 583 684 622 ratio
717 596 742 622 a
767 583 959 634 principio
986 584 1069 623 sine
1096 582 1213 622 dubio
1240 582 1315 622 fuit
1339 583 1397 622 ita
1422 583 1591 634 quidem,
1618 588 1664 625 ut

333 648 547 689 masculino
570 649 730 704 ‘nomini
769 650 914 688 actoris
953 650 993 688 in
1034 663 1099 695 -ος
1115 650 1149 700 ¹)
1188 649 1446 700 responderet
1475 650 1662 691 feminina

333 716 462 756 forma
487 717 528 756 in
554 730 607 767 ·η.
648 715 771 766 Cujus
797 716 948 755 formae
975 716 1150 755 feminini
1177 717 1342 755 nominis
1367 717 1518 765 agentis
1545 719 1662 757 etiam

332 782 374 820 in
414 793 518 820 nom.
545 793 607 831 pr.
640 776 839 831 Ἀστῡόχη,
865 777 1074 832 Κυμοδόκη
1100 781 1269 831 (Hom),
1298 778 1504 833 Δημοδόκη
1530 782 1664 834 (Hes.)

333 847 497 896 vestigia
535 850 689 886 exstare
727 844 920 895 videntur,
960 859 1194 897 quamquam
1235 859 1329 885 sane
1368 845 1419 885 ad
1458 846 1662 890 femininus

334 927 490 965 quoque
508 926 696 964 personas
713 911 986 965 significandas
1004 914 1045 952 in
1064 913 1285 963 compositis
1303 913 1518 953 masculina
1536 914 1663 954 forma

334 980 375 1018 in
403 992 466 1024 -ος
492 979 702 1030 saepissime
728 978 1006 1028 usurpabatur.

438 1045 507 1085 Ad
552 1044 841 1085 similitudinem
885 1045 1022 1085 talium
1064 1045 1261 1085 nominum
1300 1046 1450 1094 agentis
1488 1046 1663 1086 feminini

335 1099 488 1160 generis
514 1111 738 1160 Aeschylus
765 1123 886 1149 unum
912 1110 1043 1149 finxit:
1070 1107 1300 1157 χειμάμυνα.

438 1177 569 1217 Multo
596 1177 737 1228 saepius
755 1176 811 1226 fit,
831 1179 877 1215 ut
894 1175 1121 1216 adverbium
1140 1176 1271 1227 priore
1289 1177 1329 1216 in
1348 1180 1461 1228 parte
1479 1181 1660 1229 ponatur.

337 1244 473 1293 Atque
500 1243 552 1281 ad
575 1244 795 1292 exemplum
813 1243 950 1281 talium
969 1243 1101 1291 qualia
1118 1246 1210 1280 sunt
1227 1243 1458 1281 Homerica:
1483 1241 1662 1294 ἕπαοιδή,

336 1305 475 1360 ἕπαρή,
507 1304 666 1359 ἐφετμή,
700 1304 841 1359 ἕνωπή,
874 1302 1028 1358 ὁμοκλή,
1061 1303 1255 1358 περιωπή,
1288 1304 1474 1360 προδοκή,
1501 1304 1663 1360 προχοή,

336 1374 559 1426 Aeschylus
598 1378 640 1412 et
677 1373 875 1412 Pindarus
915 1373 1124 1413 admodum
1164 1374 1289 1413 multa
1326 1378 1531 1423 novarum,
1576 1388 1662 1424 quae

335 1444 467 1480 tamen
508 1440 559 1479 ad
598 1439 781 1488 fingenda
819 1439 1007 1487 singulari
1047 1439 1263 1489 composita
1301 1439 1472 1488 fingendi
1498 1439 1662 1479 audacia

336 1520 415 1547 non
442 1519 541 1557 opus
567 1505 687 1545 fuisse
714 1519 760 1546 eo
787 1506 1037 1556 perspicuum
1064 1505 1229 1555 videtur,
1257 1505 1361 1556 quod
1388 1506 1510 1546 multo
1536 1507 1662 1558 major

335 1585 428 1623 pars
455 1572 506 1611 ab
524 1572 611 1611 aliis
630 1572 805 1611 florentis
826 1571 952 1610 aetatis
970 1571 1226 1621 scriptoribus
1245 1575 1400 1622 sumpta
1418 1575 1487 1611 est.
1527 1572 1663 1611 Pauca

336 1642 427 1678 sunt
452 1652 510 1684 ea,
539 1652 626 1688 quae
654 1642 724 1678 aut
749 1642 903 1678 tantum
929 1637 979 1677 ab
1006 1638 1206 1688 Aeschylo
1233 1636 1406 1690 (ε’πωπή,
1433 1635 1662 1690 συνεμβολή)

335 1704 396 1744 vel
422 1704 598 1744 Pindaro
638 1700 881 1755 (ἒπιμομφά,
908 1699 1040 1752 εὖζωά,
1068 1701 1290 1755 καταπνοά)
1317 1707 1387 1743 aut
1412 1704 1552 1743 deinde
1579 1708 1662 1744 tan-

336 1775 419 1811 tum
445 1783 471 1810 a
495 1769 777 1822 posterioribus
804 1769 1059 1820 scriptoribus
1084 1766 1287 1822 (ἀναφυγὴ,
1316 1767 1492 1822 διατομή,
1519 1768 1662 1824 ἑντυλή,

336 1834 509 1888 κατευχή,
536 1834 762 1886 παρακοπή,
789 1832 1025 1887 παραφορά)
1052 1836 1228 1875 adhibita
1253 1840 1354 1875 sunt.
1391 1837 1663 1877 Membrorum

335 1903 596 1954 posteriorum
615 1902 804 1941 nonnulla
821 1901 1013 1952 simplicia
1030 1901 1179 1941 desunt.
1219 1901 1351 1941 Multa
1368 1916 1460 1942 vero
1473 1903 1555 1954 jam
1571 1908 1662 1943 ante

337 1968 578 2019 Aeschylum
605 1973 645 2008 et
670 1968 888 2008 Pindarum
907 1968 1097 2018 simplicia
1115 1968 1350 2007 adhibentur
1369 1967 1525 2021 (τροπή,
1553 1967 1663 2022 φυγή,

337 2031 449 2086 πέδη,
481 2031 590 2087 τομή,
616 2032 722 2087 βολή,
749 2031 875 2086 ἀοιδή,
902 2031 983 2086 ροή,
1010 2029 1101 2086 ᾠδή,
1128 2030 1269 2087 σκαφή,
1298 2030 1396 2087 εὐχή,
1423 2031 1504 2088 χοή,
1531 2032 1661 2089 πνοή).

338 2101 435 2140 Alia.
460 2102 566 2151 apud
591 2102 832 2151 Aeschylum
851 2100 912 2139 vel
930 2101 1148 2139 Pindarum
1171 2102 1317 2150 primos
1344 2097 1517 2152 (ἀλλαγή,
1544 2100 1662 2152 φορά,

336 2162 476 2218 γραφή,
505 2167 635 2217 πεῖρα,
661 2164 818 2219 μομφή)
844 2166 923 2206 alia
948 2169 1101 2205 tantum
1128 2170 1218 2217 post
1242 2166 1330 2206 illos
1356 2167 1547 2217 simplicia
1572 2171 1663 2208 sunt

336 2229 529 2284 (στροφῇ,
570 2230 683 2285 nomi,
724 2229 830 2284 δοχή,
870 2229 976 2283 νομή,
1015 2228 1126 2283 ἁφή).
1180 2232 1270 2271 Nisi
1296 2233 1400 2283 apud
1426 2234 1663 2284 posteriores

337 2310 417 2338 non
443 2302 535 2338 sunt
561 2295 661 2350 ὦπή,
689 2294 825 2347 ἄμυνα.

442 2460 470 2498 ¹)
491 2458 548 2491 Cfr
574 2459 740 2500 διιιροδόκος
766 2458 897 2499 (Pht),
919 2460 1074 2494 πανδόκος
1100 2460 1185 2500 (Ae.‚
1208 2459 1269 2501 Ρ.).
1311 2459 1507 2501 Principalis
1529 2460 1592 2492 fuit
1613 2461 1662 2490 δεκ

338 2510 443 2551 radix,
464 2519 531 2542 non
554 2511 619 2548 ὕεχ,·
640 2509 691 2541 cfr
712 2509 811 2543 Grdz.
835 2509 906 2542 497.
