1835 2968
991 194 1040 231 18

443 292 560 333 Inter
575 296 710 343 partes
724 305 859 332 eorum
878 293 1192 343 compositorum,
1212 307 1238 334 a
1256 294 1396 345 quibus
1413 295 1482 335 illa
1495 294 1558 346 (δ)
1567 294 1669 334 deri·

344 363 437 399 vata
475 363 579 408 sunt,
618 359 703 398 haec
729 363 791 399 est
814 360 928 408 ratio,
954 362 1000 398 ut
1024 359 1133 409 prior
1158 372 1251 410 pars
1277 361 1532 411 posteriorem
1557 364 1668 409 certo

342 438 437 465 casu
459 425 572 477 (dat,
593 426 696 477 acc.)
723 430 846 475 regat.
891 426 947 464 Et
969 425 1022 464 ab
1049 425 1225 464 Homero
1252 430 1293 465 et
1317 439 1342 465 a
1367 426 1560 477 Sophocle
1585 427 1668 466 haeo

342 492 445 531 ratio
471 492 568 532 talia
594 493 810 543 composita
834 491 1077 543 producendi
1104 491 1256 531 videtur
1282 492 1411 533 aliena
1435 493 1565 533 fuisse.

497 583 535 623 b.
590 583 641 622 In
673 585 889 633 posteriore
912 587 1033 632 parte
1064 585 1165 622 inest
1190 583 1420 632 adjectivum
1447 589 1487 624 et
1511 584 1667 634 quidem

341 651 410 700 ita,
451 654 496 689 ut
533 654 604 689 aut
640 649 876 700 productum
915 651 966 690 sit
1003 654 1073 689 aut
1110 663 1181 700 per
1208 663 1249 688 se
1280 651 1407 700 ipsum
1434 650 1667 701 adjectivum

342 715 574 755 substantivi
601 715 749 755 vicibus
775 716 978 766 fungatur:

443 798 531 843 Ae:¹
551 795 733 835 ποδωκία
751 799 784 849 ¹)
810 811 913 837 eum.
941 801 1001 847 37,
1029 794 1137 836 εὐδία
1153 799 1188 848 ²)
1213 798 1265 837 al.
1293 800 1390 849 sept.
1421 800 1507 838 795.

443 864 496 903 P:
525 859 633 902 εὐδία
659 864 710 903 al.
738 864 788 904 ol.
816 864 850 914 Ι,
880 868 942 904 98.

443 930 544 970 Οιιιιι
561 930 622 969 his
640 931 907 981 comparanda.
924 934 1031 970 sunt:
1050 926 1183 968 εἴσοια
1193 931 1229 981 ³)
1242 929 1413 981 (Soph.),
1434 926 1667 982 αὐτοάταδίη

340 996 500 1048 (Hom.)
526 996 589 1037 ab.
616 996 696 1048 adj.
724 993 896 1045 στάδιος,
924 992 1080 1048 ἀνολβίῃ
1096 986 1130 1047 ²)
1161 996 1310 1048 (Hes).

444 1100 478 1126 c.
534 1087 585 1125 In
605 1088 822 1136 posteriore
839 1091 961 1135 parte
980 1088 1081 1126 inest
1098 1088 1326 1136 adjectivum
1343 1087 1495 1126 verbale
1513 1088 1666 1136 (nomen

340 1154 527 1204 aqentis).

444 1241 480 1264 α.
535 1226 651 1266 Prior
673 1238 772 1275 pars
798 1238 933 1265 nomen
959 1228 1215 1277 (pronomen).

417 1311 481 1335 αα.
541 1295 661 1336 Casui
688 1297 909 1349 accusativo
935 1297 1181 1355 respondens.

444 1382 525 1419 Ae:
553 1374 783 1428 ἄγκυρουχία
804 1392 888 1430 sup.
912 1383 996 1428 766,
1016 1375 1276 1428 ἅνδροκτασία
1294 1379 1332 1417 h.
1351 1381 1448 1428 sept.
1464 1381 1550 1428 693,
1569 1378 1664 1427 λαμ-

339 1442 554 1497 πτηρουχιά
581 1458 642 1493 ag.
670 1447 757 1493 890,
786 1441 987 1494 ξυλουργία
1013 1459 1074 1495 pr.
1101 1445 1189 1493 451,
1218 1439 1462 1493 ὖλιγοὸρανία
1487 1457 1549 1495 pr.
1577 1447 1664 1496 547,

339 1508 553 1561 πανουργία
580 1511 631 1550 al.
652 1516 750 1562 sept.
771 1515 857 1560 603,
878 1507 1117 1562 σκηπτουχία
1134 1514 1191 1561 pt.
1210 1523 1313 1561 pers.
1333 1513 1419 1559 297,
1438 1508 1664 1562 χρησμῳδία

338 1579 390 1618 al.
430 1591 491 1628 pr.
535 1580 620 1626 775,
665 1574 888 1629 φρυκτωρία
932 1577 983 1616 al.
1024 1590 1085 1626 ag.
1127 1580 1187 1626 33,
1226 1579 1314 1626 490,
1358 1572 1572 1628 παμπησία
1611 1577 1663 1617 al.

338 1648 437 1695 sept.
471 1647 559 1687 817,

439 1711 492 1750 P:
537 1706 765 1748 ἀεθλονικία
810 1723 911 1749 nem.
952 1710 1034 1758 ΙΙΙ,
1084 1713 1117 1758 7,
1163 1705 1396 1758 αἰμακουρία
1436 1709 1485 1748 ol.
1526 1709 1560 1759 Ι,
1601 1713 1662 1759 90,

336 1772 599 1827 ἅλλαλοφονία
618 1779 674 1825 pt.
695 1776 746 1814 ol.
767 1776 825 1824 ΙΙ,
844 1777 905 1823 46,
935 1771 1185 1825 ἰπγιοτρῐιφία
1204 1774 1241 1812 h.
1259 1774 1360 1813 istm.
1381 1774 1440 1823 II,
1461 1777 1520 1824 38,
1541 1788 1663 1812 κακα-

336 1838 447 1891 γορία
474 1842 526 1881 al.
545 1845 627 1893 pyt.
647 1842 705 1892 II,
726 1845 787 1890 53,
813 1837 1056 1891 μακραγορία
1083 1844 1139 1890 pt.
1163 1843 1244 1891 pyt.
1265 1840 1387 1890 VIII,
1416 1843 1476 1890 31,
1503 1838 1662 1891 ναυαγία

336 1908 386 1947 al.
415 1909 517 1947 istm.
546 1908 580 1957 I,
609 1910 669 1957 36,
710 1903 920 1958 νικαφορία
946 1910 1027 1956 pyt.
1056 1906 1090 1955 I,
1118 1908 1180 1955 59,
1211 1903 1507 1958 στεφαναφορία
1532 1906 1583 1946 al.
1610 1906 1661 1946 ol.

335 1974 459 2023 VIII,
495 1977 554 2023 10,
583 1970 820 2026 διφρηλασία
848 1973 898 2011 ol.
927 1972 1009 2021 III,
1036 1974 1099 2011 40.

438 2040 569 2079 Multo
608 2039 726 2090 plura
765 2052 790 2077 a
829 2037 1048 2077 nominibus
1078 2039 1227 2085 agentis
1257 2039 1297 2077 in
1324 2052 1389 2083 -ος
1414 2038 1533 2078 ducta
1559 2042 1660 2088 sunt,

334 2119 462 2156 pauca
480 2119 504 2145 a
522 2105 742 2145 nominibus
768 2105 919 2153 agentis
944 2104 984 2141 in
1012 2117 1112 2154 -τηςε
1139 2100 1410 2152 ἀνδροκτασία,
1437 2102 1662 2156 παμπησία,

334 2168 583 2223 ὄιφρηλασία.
637 2170 774 2220 Atque
819 2174 864 2209 ut
907 2182 985 2207 non
1029 2169 1159 2207 omnia
1202 2169 1359 2208 nomina
1401 2169 1470 2208 illa
1512 2170 1662 2218 agentis

334 2241 506 2276 exstant:
545 2231 790 2286 ἅγκυροῦχος,
829 2234 1127 2285 λαμκῑτηροῦχος
1161 2235 1238 2285 (cfr
1264 2238 1395 2275 tamen
1421 2238 1663 2286 σκηπτοῦχος

441 2338 467 2378 ¹)
489 2337 530 2369 D.
553 2337 715 2376 ποδιύκεια,
737 2345 811 2377 quoe
834 2335 938 2367 sor-ma
961 2334 1002 2367 ab
1024 2334 1171 2367 Homero
1193 2337 1381 2377 usurpatur.

439 2391 468 2427 ²)
490 2389 547 2422 cfr
568 2388 668 2422 Grdz.
691 2389 762 2421 235.

438 2443 466 2479 ³)
488 2440 594 2475 ιῦσοος
614 2440 679 2481 adj.
701 2443 813 2472 tamen
835 2439 922 2480 apud
943 2438 1156 2472 Theocritum
1179 2439 1321 2480 primum
1344 2438 1522 2471 invenitur.

438 2493 468 2531 ⁴)
490 2492 635 2530 ἀνόλβιος
655 2490 743 2533 apud
764 2490 888 2524 Herod.
