1835 2968
767 233 814 269 17

126 333 162 381 Ι,
187 335 249 380 63,
276 327 428 380 εὐλογία
452 331 503 370 al.
530 343 631 369 nem.
659 331 733 379 IV,
761 334 796 379 5,
823 327 1034 378 εὖμαχανία
1057 334 1115 381 pt.
1141 331 1245 369 istm.
1271 329 1354 379 111,
1382 332 1443 379 20,

127 392 280 446 εὖμενία
318 400 399 448 pyt.
426 395 532 445 XII,
558 396 645 447 4¹),
685 392 840 444 εὐνομία
866 396 903 435 h.
930 400 1011 447 pyt.
1037 396 1089 445 V,
1118 398 1178 446 67,
1212 392 1367 445 εὖορκία
1391 397 1443 436 01.

127 463 187 512 Π,
216 466 275 511 72,
316 459 467 510 εὐτυχία
493 463 544 501 31.
569 475 669 501 nem.
697 462 731 511 I,
774 465 832 511 10,
872 458 1043 513 εὔφαμία
1080 462 1132 501 al.
1171 465 1261 513 pyt.¹
1291 461 1349 511 X,
1384 464 1444 511 35,

126 525 289 566 νωδυνία
314 528 472 579 al.·pyt.
500 528 583 578 III,
610 532 646 578 6,
673 525 859 576 προξενία
884 528 935 567 al.
962 542 1063 568 nem.
1090 528 1191 578 VII,
1218 531 1280 568 65.

247 631 310 677 ββ.
363 629 496 667 Pauca
522 641 548 667 α
573 629 762 677 stirpibus
787 630 829 666 in
855 641 914 672 -ες
939 629 1114 667 derivata
1139 633 1244 667 sunt.

230 709 312 750 Ae:
356 705 556 757 ἀπέχθεια
600 710 651 749 31.
694 724 753 761 pr.
801 712 884 758 121,
930 705 1084 748 ἀτέλεια
1127 712 1177 750 al.
1217 724 1317 750 eum.
1359 714 1446 760 361,

129 774 313 825 ἐμμέλεια
339 777 389 815 31.
418 776 467 814 fr.
496 779 555 824 17,
595 772 762 825 εὐγένεια
788 776 837 814 al.
864 788 966 825 pers.
992 778 1080 822 442,
1107 772 1256 814 εὔκλεια
1281 777 1320 815 h.
1347 780 1446 827 sept.

130 844 216 890 685,
244 837 413 890 εὐχέρεια
439 842 490 880 31.
518 854 617 880 eum.
643 843 730 890 494,
758 831 952 878 συντέλεια
978 841 1028 880 al.
1056 846 1153 891 sept.
1185 844 1273 881 251.

232 907 283 946 P:
311 903 493 953 ἀκέρδεια
519 907 569 946 01.
598 906 632 956 Ι,
660 910 721 946 53.

233 966 327 1013 Jam
365 972 469 1023 apud
509 973 628 1012 Hom.
662 974 777 1023 hujus
802 973 954 1021 generis
980 974 1194 1022 composita
1218 962 1296 1012 non
1321 987 1450 1024 pauca.

131 1040 305 1079 fuerunt:
350 1034 508 1089 ἀθυμίῃ,
553 1035 752 1090 ἀμηχανίη,
796 1035 965 1089 εὖπλοίη,
1010 1034 1241 1090 εὐδαιμονίη,
1285 1035 1449 1091 εὖνομίη,

132 1102 345 1156 προθυμίη,
390 1101 539 1156 νηνεμίη
578 1127 628 1132 -
667 1100 822 1156 εὖκλείη,
867 1099 1054 1155 ἀναλκείη.
1107 1104 1233 1155 Soph:
1277 1100 1449 1157 ἅκληρία,

132 1170 359 1220 δυσομβρία,
392 1166 604 1220 εὖορνιθία,
631 1167 849 1219 συγχορδία.

235 1236 370 1285 Atque
408 1250 466 1284 ea,
507 1249 593 1285 quae
632 1235 779 1274 Aesch.
820 1239 860 1274 et
898 1236 1011 1274 Pind.
1044 1232 1252 1285 finxerunt,
1279 1237 1451 1286 exceptis

126 1298 255 1342 'ternis
298 1302 560 1351 quaternisve,
606 1301 657 1340 ab
700 1301 786 1341 aliis
830 1301 1084 1352 scriptoribus
1127 1302 1304 1342 adhibita
1346 1307 1449 1342 sunt.

234 1368 386 1406 Parvus
424 1372 484 1405 est
510 1380 692 1405 numerus
718 1380 865 1415 eorum,
893 1366 1032 1416 quibus
1058 1363 1297 1417 respondens
1323 1368 1450 1418 adjec-

132 1433 253 1472 tivum
279 1436 348 1472 aut
372 1433 488 1483 plane
514 1445 591 1472 non
618 1432 811 1473 exstabat:
845 1428 1051 1482 ἆρτιζυγία,
1078 1430 1269 1482 τρικυμία,
1297 1430 1450 1482 εὖμενία

133 1499 222 1549 (pro
262 1495 446 1546 εὐμένεια,
485 1512 575 1537 nam
614 1495 767 1546 εύμενος
804 1499 882 1548 adj
922 1499 1072 1537 nullum
1104 1501 1190 1549 est),
1206 1504 1287 1538 aut
1312 1513 1399 1549 quae
1424 1513 1450 1538 3

132 1564 412 1614 posterioribus
460 1565 594 1625 primis
642 1564 895 1615 scriptoribus
937 1564 1029 1604 ficta
1073 1568 1179 1605 sunt.
1226 1561 1450 1644 δυσημερια,

134 1627 349 1679 amendia,
382 1628 588 1679 παροιμία.

278 1734 333 1772 γγ.
384 1721 586 1772 Per-pauca
611 1724 704 1761 sunt
729 1734 786 1766 ea,
811 1734 973 1773 quorum
985 1734 1086 1772 pars
1100 1722 1297 1773 posterior
1314 1734 1450 1762 nomen

134 1789 374 1828 abstractum
400 1794 469 1829 est.

236 1868 317 1909 Ae:
346 1865 517 1909 ἀπουσία
543 1870 593 1909 al.
621 1882 682 1920 ag.
708 1871 794 1919 915,
825 1872 934 1919 1259,
958 1866 1154 1919 παρουσία
1172 1870 1223 1910 31.
1242 1882 1344 1921 pers.
1366 1872 1451 1919 169,

135 1936 197 1975 ch.
225 1939 311 1986 671,
338 1934 516 1975 συνουσία
542 1937 592 1975 al.
619 1949 720 1975 eum.
748 1938 834 1974 285.

237 2001 293 2040 Iis
319 2001 441 2040 simile
468 2005 527 2040 est
552 2001 676 2040 Hom:
703 1998 918 2052 ἁματροχίη
934 2002 982 2051 ²).

289 2092 323 2132 ὃ.
380 2093 430 2132 In
449 2093 583 2141 priore
603 2096 721 2142 parte
746 2093 848 2131 inest
872 2104 1007 2130 nomen
1033 2092 1196 2140 ayentis.

239 2173 320 2214 Ae:
348 2171 566 2223 πειθαρχία
592 2174 642 2213 31.
670 2178 768 2224 sept.
796 2176 881 2223 224,
908 2169 1119 2225 φυξανορία
1146 2185 1230 2223 sup.
1258 2174 1280 2210 9
1298 2173 1345 2223 ³).
1407 2150 1409 2152 Ι

238 2241 290 2280 P:
319 2237 522 2293 φιλοτιμία
548 2241 599 2279 al.
626 2240 675 2279 fr.
704 2243 790 2278 229.

240 2363 269 2399 ¹)
291 2361 329 2392 V.
351 2361 389 2392 1.:
416 2360 562 2401 εὐμένεια,
589 2371 663 2402 quae
684 2360 789 2392 forma
810 2359 897 2401 apud
917 2361 1045 2392 ceteros
1068 2359 1246 2400 scriptores
1266 2358 1453 2391 adhibetur.

240 2413 269 2451 ²)
290 2412 389 2452 Cujus
420 2408 533 2444 tainen
563 2412 726 2452 posterior
756 2421 832 2452 pars
864 2411 1002 2452 (τροχιοί)
1038 2410 1102 2442 nisi
1133 2410 1221 2451 apud
1256 2410 1454 2451 posteriores

137 2474 204 2496 non
225 2463 405 2495 invenitur.

241 2516 269 2554 ³)
290 2514 369 2547 Cod.
392 2514 577 2556 φυξοίνοραν,
599 2513 673 2546 vide
693 2513 793 2546 Dind.
814 2513 880 2545 lex,

1312 2573 1331 2602 2
1393 2589 1398 2593 .
