1835 2968
812 179 860 215 69

146 286 147 290 ’
176 277 301 317 danda
323 289 459 326 §enom
484 277 616 329 Ares),
642 278 689 317 fr.
718 279 790 317 146
814 273 922 327 (ἅ-ον
946 276 1046 328 λῆμα
1064 274 1243 326 djerffiet,
1262 287 1344 314 som
1360 278 1491 324 ,νῆν-αν

177 343 239 393 siy
264 344 278 382 ι’
302 343 510 383 ηιόνᾶαηᾱε
543 355 679 393 yenom
718 344 850 394 Ares),
890 339 1105 395 ὁημήλατος
1142 355 1227 392 sup.
1268 343 1344 381 614
1373 341 1491 393 (φυγῇ

178 407 255 459 δ-ιμ
271 409 377 459 flykt
400 409 416 448 i
435 408 541 458 salja
565 409 617 457 af
639 409 898 459 bortdrifniny
922 421 1057 458 ,oenum
1078 408 1233 458 folket),
1252 403 1492 459 δημορριφής

176 486 237 523 ag.
279 477 376 513 1616
415 475 536 525 (δ-εῖς
573 472 771 524 λευσίμους
809 471 907 523 ἀράς
944 473 995 522 af
1024 473 1149 521 folket
1176 485 1312 524 ‚qenom
1337 472 1495 521 ,etenimq-

177 540 374 579 verkstiild
387 540 673 590 forbannelse)‚
701 538 902 591 δορικανής
919 554 1003 591 sup.
1023 544 1096 579 987
1114 542 1215 590 (ιΪ-εῖ
1229 537 1340 588 μόρῳ
1355 549 1491 586 qenom

176 604 287 643 mord
321 605 408 645 med
446 606 534 645 lans
571 606 859 645 dstadkommen
896 605 1001 653 dod),
1037 602 1311 655 ὁοριλύῃιαπος
1340 603 1388 643 fr.
1418 604 1491 642 128

176 670 306 721 (δ-ους
343 668 518 720 μόχθους
560 672 738 711 lidanden
776 684 909 719 ‚qenom
948 671 1229 720 missbandliny
1261 669 1347 709 med
1372 669 1492 715 lans),

175 733 428 788 ξιφοδήλητος
453 738 513 776 ch.
543 740 615 776 729
647 737 813 788 (ξ-οισιν
838 731 982 785 ἀγῶσιν
1006 736 1149 776 strider
1171 748 1305 785 ,qenom
1332 734 1491 785 (under)

176 802 285 843 mord
308 803 394 843 med
416 803 562 857 smirci),
589 816 649 853 ag.
679 805 777 843 1528
814 803 907 854 (ξ-ιμ
934 799 1095 855 θανάτῳ
1120 803 1196 843 dod
1222 815 1358 853 ymom
1382 800 1493 841 mord

176 870 261 909 med
284 870 431 921 δυᾶν-ἀ),
457 866 707 921 οἶστρήλατος
731 882 790 920 pr.
811 873 885 908 580
911 867 1021 921 (οἱ-ῳ
1040 866 1190 918 δείματι
1209 867 1492 915 ῙόνελῖἅσῘεεῖεε

177 937 191 974 i
226 935 330 984 foh‘d
368 935 420 982 af
452 934 672 984 fortiiljesslse
700 948 834 985 yenom
864 936 1067 987 &oms-en),
1094 932 1365 985 παιδότρωτος
1390 945 1490 973 eum.

175 1003 251 1040 496
277 1002 374 1050 (rr-a
401 999 539 1038 πάθεα
560 1001 739 1040 lidanden
757 1001 1046 1053 (fororsakade)
1064 1001 1115 1048 af
1127 1002 1196 1039 scir
1210 1012 1344 1049 qenom
1363 999 1492 1044 barn),

176 1064 468 1118 πισσοκιόνητος
505 1067 542 1106 h.
583 1067 631 1107 fr.
673 1070 745 1107 118
784 1068 912 1119 (rc-teg}
945 1064 1039 1117 πυρί
1069 1067 1141 1114 eld,
1167 1079 1248 1107 som
1274 1064 1491 1115 upptffndes

175 1133 311 1182 (hvars
351 1133 625 1181 upptdndande
663 1135 926 1183 underlcittas)
962 1147 1098 1183 yenom
1136 1132 1394 1183 (fflremdlets)
1427 1131 1488 1169 be·

176 1198 380 1247 strykninq
407 1199 491 1237 med
518 1199 653 1249 tjiz'ra).
707 1200 817 1239 Nihil
843 1200 1038 1239 Pindarus
1064 1199 1187 1239 simile
1212 1198 1341 1238 habet.

280 1264 409 1315 Quum
440 1264 537 1303 illud
563 1266 671 1315 prius
697 1279 818 1315 genus
843 1266 884 1305 id
909 1266 1053 1306 habeat
1079 1265 1357 1313 admirationis,
1385 1262 1491 1313 quod

176 1331 284 1380 prior
318 1343 411 1380 pars
438 1331 607 1380 quodam
633 1332 748 1372 modo
775 1332 991 1383 subjectum
1018 1336 1078 1372 est
1102 1331 1328 1383 posterioris
1353 1329 1488 1381 partis:

175 1393 368 1445 βούθιτος
385 1395 475 1448 τιμή
496 1397 578 1446 fest
594 1399 658 1437 vid
674 1399 823 1437 hvilken
842 1411 940 1438 οταν
958 1399 1091 1449 offra-9,
1110 1399 1193 1438 haec
1212 1397 1263 1438 ad
1281 1409 1368 1447 quae
1385 1407 1489 1435 nunc

176 1466 440 1512 transgressus
465 1476 549 1503 sum
568 1466 781 1516 composita
797 1479 869 1516 per
895 1479 935 1505 se
952 1467 1038 1518 ipsa
1055 1464 1151 1504 nihil
1168 1464 1315 1504 habent
1331 1462 1489 1511 dignum

176 1522 518 1570 animadversione.
559 1531 675 1571 Prior
701 1533 801 1587 enim
827 1545 919 1583 pars
943 1532 1073 1572 dativo
1091 1530 1304 1571 adverbiali
1329 1530 1490 1580 (instru-

175 1595 347 1644 menta1i‚
374 1595 507 1647 locali)
534 1598 752 1647 respondet,
780 1599 835 1638 ita
859 1602 904 1638 ut
919 1599 1174 1648 posteriorem
1191 1600 1344 1647 partem
1362 1595 1489 1635 deter—

175 1661 306 1700 minet.
360 1661 410 1700 In
442 1675 487 1701 eo
513 1666 643 1702 autem
669 1663 752 1703 haec
779 1664 854 1702 illis
873 1665 1019 1703 *similia
1044 1668 1144 1712 sunt,
1172 1663 1277 1713 quod
1302 1674 1396 1713 pars
1422 1673 1489 1711 po-

176 1728 316 1767 sterior
359 1729 549 1768 actionem
588 1730 787 1779 significat.
847 1730 925 1771 Sed
964 1742 1144 1780 magnum
1183 1733 1244 1769 est
1281 1728 1489 1768 discrimen

145 1838 148 1841 ,
175 1795 277 1833 inter
316 1807 383 1834 eas
422 1797 602 1846 rationes,
630 1797 769 1846 quibus
794 1798 995 1848 utriusque
1021 1797 1172 1846 generis
1198 1795 1413 1846 composita
1437 1794 1489 1834 ad

176 1862 332 1901 nomina
357 1875 428 1901 sua
453 1862 728 1914 adjunguntur.
779 1863 883 1904 Nam
911 1877 1029 1914 quum
1055 1877 1102 1903 ea
1127 1864 1296 1912 nomina,
1324 1862 1375 1902 ad
1402 1875 1488 1912 quae

175 1928 244 1967 illa
269 1929 402 1978 priora
427 1931 641 1980 composita
665 1931 966 1978 transferuntur,
985 1929 1201 1979 significent
1218 1942 1295 1979 quo
1313 1933 1489 1980 tempore

176 1995 235 2033 vel
275 2007 352 2044 quo
391 1995 477 2034 loco
516 1996 575 2034 vel
615 2009 691 2045 quo
722 1998 978 2036 instrumento
1004 1997 1106 2036 actio
1133 1996 1212 2044 fiat,
1240 1996 1324 2035 hoec
1351 2000 1490 2035 contra

175 2061 231 2099 ita
273 2060 573 2110 transferuntur,
618 2066 662 2120 ut
698 2074 792 2111 pars
829 2063 1021 2111 posterior
1060 2062 1262 2112 compositi
1300 2060 1490 2110 significet

175 2126 367 2185 actionem
407 2140 428 2165 e
460 2140 546 2177 qua
578 2128 671 2178 quid
697 2128 846 2168 oriatur
871 2128 931 2167 vel
957 2140 1123 2179 quacum
1149 2128 1399 2179 conjunctum
1426 2128 1487 2167 sit.

177 2193 265 2244 Quo
303 2197 434 2232 autem
473 2207 632 2233 munere
670 2195 749 2233 illic
774 2195 1013 2244 primarium,
1041 2199 1085 2233 ut
1109 2195 1230 2244 ajunt,
1257 2194 1487 2233 vocabulum

175 2259 361 2308 fungitur,
403 2259 443 2298 id
470 2260 533 2299 hic
558 2261 679 2310 priori
705 2261 905 2311 compositi
931 2260 1034 2310 parti
1060 2259 1194 2299 datum
1221 2264 1291 2300 est.
1344 2260 1487 2300 Positae

175 2328 266 2365 sunt
290 2325 404 2376 hujus
431 2327 582 2375 generis
612 2327 883 2368 translationes
909 2328 949 2366 in
975 2340 1032 2376 eo,
1060 2327 1164 2377 quod
1190 2328 1231 2367 in
1256 2342 1383 2377 graeco
1410 2341 1488 2367 ser·

175 2404 288 2431 mone
326 2404 405 2431 non
442 2405 534 2432 raro
574 2392 629 2442 fit,
670 2397 714 2433 ut
751 2406 838 2435 cum
878 2394 1049 2444 objectis,
1090 2406 1177 2443 quae
1209 2394 1367 2445 proprie
1393 2397 1487 2443 apta

175 2458 253 2497 sint
290 2457 417 2497 verbis
456 2458 572 2499 latius
596 2459 767 2511 patentis
791 2459 1082 2510 significationis
1107 2460 1393 2512 conjungantur
1418 2472 1485 2501 an-
