1835 2968
977 195 1052 232 144

449 295 573 348 Apud
612 295 831 334 Homerum
870 307 1011 344 magna
1043 295 1117 334 fuit
1143 295 1350 334 multitudo
1376 295 1492 345 hujus
1517 296 1668 344 generis

345 367 406 409 (2)
431 362 751 413 compositorum:
780 356 1019 412 ἀθλοφόρος,
1048 357 1230 410 αἰγίοχος,
1258 357 1510 413 ἀνδροφάγος,
1530 358 1669 412 ἀνδρο-

346 427 478 482 φόνος,
504 425 756 481 βουληφόρος,
785 423 1011 479 δημοβόρος,
1039 424 1238 476 δρυτόμος,
1267 424 1515 478 ἐλαφηβόλος,
1544 427 1668 467 θαλα-

346 493 534 549 μηπόλος,
561 490 796 542 ι’)-υμοβόρος,
827 491 1098 544 θυμοφθόρος,
1126 490 1291 538 ἰοδόκος,
1320 489 1562 542 ἱππόδαμος,
1581 509 1669 532 κου-

347 559 552 613 ροτρόφος,
592 557 799 611 λαοφόρος,
842 555 1090 603 οἱωνοπόλος,
1125 556 1380 610 παιδοφόνος,
1408 557 1669 611 πατροφόνος,

347 624 632 675 πτολίπορθος,
661 621 895 675 π’ϊρηφόρος,
921 620 1156 674 πυροφόρος,
1176 622 1398 676 σιτοφάγος,
1417 629 1668 676 σκηπτοῦχος,

345 689 576 745 τοξοφόρος,
602 687 790 739 ὑλοτόμος
815 713 866 718 -
890 685 1173 741 ἅνδρειφόντης,
1202 687 1472 741 θυμοραϊστής,
1497 688 1670 743 ἱππηλά-

347 774 423 812 της,
457 756 668 808 κυναγέτης,
702 752 958 807 κυνοραῖστής,
991 753 1273 807 νεφεληγερέτα,
1308 753 1510 808 πυλάρτης,
1535 771 1670 807 στερο-

347 823 549 878 πηγερέτα,
590 820 772 873 συβώτης,
814 817 991 872 ὠμηστής
1028 845 1078 849 -
1119 818 1325 874 θυμαλγής,
1361 821 1593 875 θυμοδακής,
1619 848 1678 865 -,

346 888 532 942 βουπλήξ,
560 888 710 938 χέρνιψ,
741 885 994 940 θυμηγερέων,
1023 884 1297 940 ἅμαλλοδετήρ,
1319 886 1544 941 μηλοβοτήρ,
1570 889 1669 928 οἰνο-

348 955 485 1009 γτοτήρ,
526 952 705 1009 ἧνιοχεός,
746 952 1026 1006 πατροφονεύς,
1069 953 1328 1004 πολυδέγμων,
1362 978 1405 983 —
1436 952 1669 1004 ἱππόβοτος,

348 1020 599 1075 ὀδυνήφατος,
627 1018 858 1072 ληιβότειρα.

449 1089 590 1139 Neque
630 1086 749 1137 Soph.
790 1099 917 1137 pauca
956 1086 1082 1125 finxit:
1123 1083 1373 1134 ἀσπιδοῦχος,
1414 1084 1669 1137 &wama-0169,

347 1153 634 1206 ἀνδροφθόρος,
660 1151 905 1205 γηροβοσκός,
931 1150 1151 1199 δολοποιός,
1178 1150 1462 1204 ἑρρηνοβοσκός,
1481 1152 1669 1206 ἱξιφόρος,

347 1218 582 1269 ὶππονόμος,
610 1216 909 1267 ὶπποβουκόλος,
937 1216 1206 1267 λιτροσκοπός,
1232 1217 1540 1271 μηχανορράφος,
1568 1217 1670 1271 ὄρνι-

349 1284 564 1332 θοσκόπος,
591 1281 839 1334 ποικιλῳδός,
867 1287 1101 1332 στερνοῦχος,
1129 1277 1384 1335 σακεσφόρος,
1415 1283 1669 1337 ταυροφάγος,

345 1349 628 1403 ταυροσφάγος,
655 1347 918 1397 ταυροκτόνος,
946 1347 1217 1401 φλαυρουργός,
1251 1350 1508 1401 ψακαλοῧχος,
1536 1358 1671 1404 ψηφο-

347 1414 477 1464 ποιός,
505 1413 710 1464 σιτοιιόμος
735 1412 867 1466 (ἐλπίς
894 1415 1155 1465 forhoppm'nq
1182 1419 1369 1454 om'mats
1395 1416 1670 1469 anskaffande)

348 1507 394 1514 -
424 1479 704 1534 ἆθ-ηρόβρωτος
731 1477 910 1531 (ὄργανον
948 1481 1431 1531 αρηίὸνεεόνεῐεενεάεἵῑαρ,
1459 1484 1518 1522 cfr
1544 1483 1670 1525 Hom:

347 1545 623 1601 ἀθηρολοιγός)
663 1571 709 1577 —-
750 1545 972 1598 δερμηστής,
1012 1545 1243 1599 ζευγηλάτης,
1284 1545 1502 1600 ὶπποδέτης
1540 1547 1670 1601 (ῥυτήρ

349 1615 451 1664 tyqel
490 1617 551 1653 att
589 1617 701 1663 styra
739 1614 878 1652 Ῐιᾶειαν
921 1613 1041 1663 med),
1085 1609 1336 1665 οἱωνοθέίης,
1382 1612 1669 1667 πατροφόντης,

347 1677 581 1732 τροχηλάτης
608 1702 650 1708 -
682 1676 912 1730 ἡλιοστερής,
940 1675 1174 1729 παγκευθής.

450 1744 672 1795 Aeschylus
705 1744 860 1794 quidem
886 1744 982 1782 talia
1007 1744 1222 1794 composita
1247 1744 1334 1794 plus
1364 1747 1447 1794 180,
1475 1745 1670 1785 Pindarus

347 1812 436 1864 plus
468 1815 517 1851 80
549 1811 672 1850 finxit.
726 1811 862 1860 Atque
895 1811 1084 1850 maximus
1111 1815 1170 1850 est
1196 1825 1379 1850 numerus
1405 1825 1550 1861 eorum,
1578 1813 1670 1862 qu'o-

348 1891 436 1917 rum
468 1890 560 1928 pars
592 1877 785 1927 posterior
817 1877 958 1915 suffixo
993 1890 1014 1913 ο
1041 1876 1133 1915 ficta
1159 1882 1228 1916 est.
1282 1876 1387 1916 Nam
1414 1879 1586 1928 exceptis
1611 1879 1669 1927 iis,

350 1958 436 1995 quae
464 1944 618 1993 utrique
645 1944 864 1982 communia
889 1946 980 1981 sunt
1006 1946 1102 1991 (10),
1130 1943 1351 1993 Aeschylus
1368 1943 1456 1992 plus
1477 1947 1560 1993 100,
1580 1945 1671 1983 Pin-

349 2011 468 2049 darus
494 2021 615 2059 supra
639 2011 689 2046 40
717 2009 882 2047 novavit.
927 2008 1060 2047 Etiam
1086 2008 1300 2047 notandum
1327 2012 1386 2047 est
1410 2008 1592 2048 suffixum
1612 2023 1669 2056 το,

349 2075 454 2126 quod
480 2076 521 2114 in
553 2073 774 2124 hujusmodi
801 2074 1022 2123 compositis
1050 2074 1157 2124 apud
1183 2078 1334 2113 ceteros
1360 2075 1570 2124 scriptores
1593 2089 1671 2114 non

348 2154 452 2191 saepe
497 2143 722 2189 usurpatur,
755 2138 996 2190 Aeschylum
1042 2144 1174 2179 tamen
1219 2153 1296 2178 non
1341 2143 1422 2178 tam
1467 2153 1558 2179 raro
1604 2141 1671 2180 ad-

348 2207 528 2247 hibuisse.
595 2205 792 2245 Pindarus
841 2218 959 2244 unum
1005 2203 1253 2257 (μηλόβοτος)
1296 2210 1336 2245 et
1381 2206 1536 2255 quidem
1582 2220 1669 2246 cum

348 2271 546 2324 Aeschylo
573 2284 775 2312 commune
802 2271 931 2312 habet.

451 2339 731 2388 Dignissimum
771 2341 830 2377 est
868 2338 1200 2377 animadversione
1240 2338 1356 2388 hujus
1386 2340 1537 2387 generis
1569 2351 1671 2378 com-

349 2406 478 2458 posita
515 2416 808 2455 nonnumquam
847 2405 1056 2456 conjuncta
1087 2417 1169 2444 esse
1203 2417 1291 2444 cum
1324 2405 1499 2455 genetivo
1526 2406 1592 2455 qm·
1619 2405 1670 2445 ad

348 2473 519 2524 priorem
559 2471 762 2522 compositi
800 2475 952 2521 partem
990 2473 1200 2522 pertineat:
1235 2472 1310 2511 Ae.
1345 2485 1404 2521 ag.
1431 2473 1506 2511 439
1532 2471 1671 2510 ταλαν-
