1835 2968
171 290 178 295 ⁴
234 304 359 357 Apud
383 285 608 346 Homerum*
624 305 818 344 haec-sunt
833 304 1105 344 femininorum
1122 304 1167 344 in'
1184 278 1451 353 assenempla:
1468 307 1471 309 ’

57 372 62 375 ’
132 368 383 422 βούβρωστις,
423 367 647 421 ἀκρόπολις,
686 367 858 419 ἔπαλξις,
898 366 1088 421 ὁμήγυρις,
1120 365 1322 416 παλίωξις,
1354 366 1455 418 πρό-

132 450 286 490 τμ-ησις,
327 433 549 490 πάρφασις,
588 433 806 489 πρόφασις,
836 433 1005 484 σύνεσις,
1048 431 1278 483 ὕπόσχεσιςς
1315 433 1452 486 Soph.:

133 499 369 551 ξενόστασις.

236 598 285 654 6.ἱ
324 591 479 635 Neutra
504 597 553 635 in
572 609 660 645 -μα.

234 691 269 718 a.
323 678 438 718 Prior
457 691 559 729 pars
585 690 718 718 nomen
745 679 998 729 (pronomen).

235 760 315 799 Ae:
343 756 573 808 αὐθάδισμα
599 773 659 810 pr.
687 762 773 808 964,
799 757 1019 810 νουθέτημα
1045 760 1094 798 al.
1122 770 1224 808 pers.
1251 759 1338 795 830.

234 825 287 865 P:
315 822 511 873 πάνδειμα
536 825 584 864 fr.
614 828 686 864 197
703 826 748 876 ¹).

234 917 271 956 b.
326 916 441 956 Prior
459 928 560 965 pars
586 917 816 971 adverbium.

235 997 315 1037 Ae:
358 993 546 1047 ἀμβόαμα
584 998 644 1038 ch.
687 1000 747 1048 34,
786 994 1013 1051 εἶσάῳασμα
1045 997 1093 1036 fr.
1123 999 1208 1046 199,
1247 991 1452 1046 ἐκπέραμα

133 1066 193 1105 ch.
235 1068 321 1114 655,
362 1062 564 1116 ὲκπήδημα
603 1078 663 1113 ag.
706 1068 815 1115 1376,
856 1062 1094 1113 ἒμπάλαγμα
1120 1067 1175 1113 pt.
1202 1076 1286 1113 sup.
1313 1065 1387 1101 296
1403 1062 1450 1111 ')‚

135 1127 322 1182 ἐξεύρημα
363 1131 412 1169 al.
449 1135 544 1181 sept.
574 1133 648 1169 650
675 1143 710 1179 a,
738 1127 909 1182 ἐπίσημα
935 1130 973 1169 h.
1001 1134 1097 1180 sept.
1126 1132 1212 1178 659,
1252 1123 1452 1177 εὖόρκωμα

133 1197 194 1237 ch.
235 1200 321 1245 901,
361 1193 641 1248 κατασκήνωμα
680 1197 740 1236 ch.
781 1199 867 1245 999,
907 1194 1100 1245 κάτευγμα
1138 1195 1186 1234 al.
1227 1198 1324 1244 sept.
1366 1195 1451 1242 709,

134 1259 387 1311 παράγγελμα
426 1262 475 1300 al.
516 1275 576 1310 ag.
615 1265 704 1309 480,
744 1259 999 1312 παρήγόρημα
1032 1265 1087 1311 pt.
1121 1261 1170 1299 fr.
1197 1261 1284 1308 413,
1324 1271 1452 1307 παρο-

134 1323 302 1379 ψώνημα
328 1340 388 1377 ag.
418 1329 528 1377 1447,
555 1323 761 1380 πρόβλημα
788 1327 838 1366 al.
858 1330 955 1378 sept.
975 1329 1061 1376 540,
1081 1329 1166 1376 676,
1193 1321 1452 1374 προκάλυμμα

133 1393 183 1433 al.
224 1406 284 1442 ag.
328 1397 414 1443 691,
455 1390 708 1443 πρόοτριμμα
740 1398 796 1443 pt.
829 1406 889 1441 ag.
919 1396 1004 1442 395,
1044 1390 1286 1444 πρόσφαγμα
1312 1390 1362 1429 al.
1389 1401 1450 1437 ag.

137 1462 247 1509 1278,
268 1455 535 1511 πρόσφθεγμα
555 1458 605 1498 al.
620 1472 680 1508 ag.
696 1461 781 1508 903,
801 1459 862 1498 ch.
877 1461 963 1509 876,
983 1455 1201 1509 πρόσχωμα
1218 1460 1274 1508 pt.
1288 1470 1348 1508 pr.
1363 1457 1450 1495 847.

237 1525 434 1564 Pindarus
477 1525 554 1564 duo
593 1529 746 1564 tantum
785 1526 918 1564 habet:
959 1521 1165 1573 ἄμπνευμα
1203 1536 1304 1563 nem.
1344 1523 1375 1571 I,
1417 1526 1450 1571 1,

135 1586 285 1641 ἔνδημα
312 1590 362 1629 al.
389 1590 437 1628 fr.
468 1593 552 1629 170.

236 1656 386 1695 Eorum
425 1669 511 1706 quae
550 1669 671 1707 supra
695 1657 918 1695 enumeravi
943 1659 1172 1695 neutrorum
1190 1656 1231 1695 in
1257 1652 1334 1703 -μα
1358 1667 1453 1706 pars

135 1722 310 1762 derivata
336 1725 406 1771 est,
439 1734 532 1772 pars
563 1734 656 1761 vera
683 1722 897 1772 composita
921 1721 1182 1761 existimanda
1205 1724 1306 1770 sunt,
1332 1733 1451 1770 quum

134 1789 370 1837 posteriores
400 1791 533 1837 partes
563 1788 751 1838 simplicia
775 1789 1019 1826 inveniantur
1058 1788 1161 1837 (jam
1193 1787 1298 1837 apud
1325 1786 1450 1826 Hom:

135 1855 249 1904 σῆμα,
276 1849 467 1901 κάλυμμα,
493 1852 629 1901 δεῖμα,-
654 1853 759 1904 apud
776 1851 927 1892 Aesch:
954 1849 1099 1900 βόαμα,
1124 1847 1254 1903 εὗγμα,
1280 1849 1450 1901 ὅρκωμα,

135 1914 307 1970 πήδημα,
332 1920 511 1970 πνεῦμα).

167 1982 169 1984 ’
237 1984 328 2024 Hoc
353 1997 475 2034 genus
501 1997 612 2024 omne
638 1988 864 2024 neutrorum
890 1986 931 2024 in
957 1998 1033 2034 -μα
1059 1985 1279 2037 Aeschylus
1297 1985 1451 2026 finxisse

135 2051 213 2090 dici
237 2055 377 2102 potest.
432 2052 549 2092 Certe
576 2051 773 2091 Homerus
800 2064 1034 2102 quamquam
1057 2065 1177 2103 supra
1193 2054 1244 2092 40
1262 2053 1452 2103 simplicia

135 2119 173 2156 in
216 2132 292 2166 -μα
334 2118 464 2167 habet,
505 2122 635 2157 tamen
674 2132 723 2157 ex
756 2118 1026 2168 conjunctione
1052 2119 1211 2167 nullum,
1239 2118 1450 2158 derivando

135 2185 214 2223 tria
256 2184 371 2223 modo
415 2185 584 2224 novavit:
630 2180 826 2235 ἀνάθημα,
873 2180 1063 2235 ἐπίθημα,
1106 2181 1287 2236 ὑπόδημα
1330 2184 1451 2236 (δῆμα

135 2250 364 2290 vocabulum
391 2264 592 2300 nusquam,
624 2253 730 2301 ι’)ῆμα
756 2250 862 2300 apud
888 2250 1060 2301 Hesych.
1087 2251 1202 2290 modo
1224 2250 1449 2300 invenitur).

135 2315 172 2354 Ε
200 2314 394 2367 Sophocle
420 2316 575 2367 quidem
600 2316 709 2356 nulla
733 2315 858 2357 habeo
885 2329 971 2367 quae
997 2316 1159 2357 afferam
1184 2316 1372 2368 exempla.

238 2448 266 2486 ¹)
286 2446 368 2479 Alii:
389 2446 627 2488 πανδεὶμαντος.

237 2498 267 2538 ²)
286 2497 367 2532 cod.
388 2499 630 2540 παλλαγμοίτων.
