1835 2968
922 212 972 248 86

281 312 406 355 νῶπις
431 311 480 349 al.
508 315 588 362 pyt.
616 311 646 359 I,
676 314 698 349 7
724 308 933 362 (νεφέλαν),
959 307 1157 361 κελαινώψ
1182 314 1261 362 pyt.
1290 309 1361 359 IV,
1380 313 1464 366 7212
1482 307 1600 356 (Κόλ-

281 383 395 424 χοις),
422 373 650 420 λευκώλενος
675 376 712 415 11.
739 380 819 427 pyt.
848 376 917 426 ΙΙΙ,
945 381 994 415 98
1021 372 1206 428 (Θυώνᾳ),
1233 376 1281 415 fr.
1301 379 1324 415 5
1349 372 1599 424 (Ἁρμονίας),

281 439 633 489 λιπαροπλόκαμος
671 441 709 480 11.
750 442 798 480 fr.
839 445 899 491 58,
923 453 940 483 1
967 444 1170 491 (Λατοῦς),
1203 439 1370 491 νεόγυιος
1396 454 1495 481 nem.
1523 441 1599 491 IX,

281 508 331 545 24
357 508 542 558 (φῶτας),
581 507 631 546 fr.
666 511 727 556 88,
750 518 769 549 2
795 505 935 559 (ἥβαν),
963 504 1216 557 ξανθοκόμας
1240 508 1289 548 al.
1318 520 1416 547 nem.
1435 507 1525 557 -IX,
1554 510 1600 546 17

281 573 500 620 (Δαναῶν),
528 569 807 619 ποικιλόνωτος
832 574 882 613 al.
909 578 988 625 pyt.
1008 573 1082 621 IV,
1111 576 1184 612 249
1212 570 1349 625 (ὅφιν),
1377 571 1603 623 τρικάρανος

282 638 320 678 11.
349 638 398 677 fr.
429 641 487 688 70,
510 649 531 681 4
563 641 816 688 (κευθμῶνα),
848 637 1009 689 τρίπους
1026 642 1059 686 ¹)
1098 640 1134 679 11.
1168 644 1248 692 pyt.
1276 639 1358 689 XI,
1384 642 1410 679 4
1441 637 1603 685 (τ-όδων

286 702 507 756 θησαυρόν),
532 706 633 745 istm.
661 705 696 755 I,
726 709 772 745 19
799 703 1094 756 (τριπόδεσσιν),
1127 703 1298 757 ἀγένειος
1323 707 1372 746 al.
1401 706 1450 746 01.
1478 706 1601 754 VIII,

283 773 343 820 54,
371 766 571 820 ἄγλωσσος
596 772 645 811 al.
672 785 771 811 nem.
791 772 914 821 VIII,
942 775 992 811 24
1017 768 1126 817 (δί-ον
1149 770 1231 820 μὲν,
1261 766 1352 823 ἦτορ
1378 768 1602 820 δ’ὄὶλκιμον),

225 866 227 868 .
282 832 509 886 ἐρίπλευρος
542 842 627 888 pyt.
668 837 743 887 IV,
785 841 857 877 235
898 840 1021 889 (φυᾷ),
1062 833 1259 887 εὐπάραος
1296 841 1376 888 pyt.
1408 837 1513 886 XII,
1556 841 1602 876 16

284 899 537 949 (ΠΙεδοίσας),
564 899 687 953 εὔχειρ
728 904 777 943 al.
817 904 867 942 ol.
899 904 980 952 IX,
1023 906 1095 942 119
1128 899 1252 952 (ἄνδρ’
1280 899 1396 949 εἴν-α),
1423 898 1604 947 εὖώλενος

284 968 333 1009 al.
371 972 451 1018 pyt.
493 967 574 1016 IX,
611 971 668 1017 17,
710 965 856 1013 εὖῶπις
882 969 918 1007 11.
947 969 995 1008 01.
1024 968 1100 1017 XI,
1131 971 1177 1006 77
1204 964 1412 1014 (σελάνας),
1438 964 1603 1018 ἠΰκομος

284 1033 322 1071 11.
349 1037 429 1083 pyt.
463 1033 508 1081 V,
535 1036 584 1072 45
612 1031 828 1082 (Χάριτες),
856 1031 1148 1083 παλίγγλωσσος
1174 1034 1275 1072 istm.
1295 1032 1345 1082 V,
1366 1036 1414 1071 23
1441 1030 1602 1079 (πόλις),

285 1112 396 1149 nem„
425 1098 455 1147 Ι,
496 1101 545 1137 58
584 1106 699 1143 (π-ον
730 1095 897 1148 ἀγγέλων
922 1102 1056 1150 ῥῆσιν),
1085 1096 1350 1148 περίγλωσσος
1375 1102 1454 1149 pyt.
1484 1098 1512 1148 Ι,
1539 1101 1602 1147 42,

285 1161 524 1216 προσανήςῖ)
541 1165 591 1205 al.
605 1169 686 1216 pyt.
701 1165 758 1214 X,
774 1168 823 1205 64
840 1163 990 1217 (ξενίᾳ),
1009 1169 1089 1216 pyt.
1105 1164 1175 1214 III,
1191 1167 1239 1204 52
1255 1162 1375 1209 (π-έα
1393 1161 1603 1211 πίνοντας),

284 1226 508 1280 ὑπόπτερος
545 1232 595 1270 al.
630 1232 678 1271 ol.
707 1232 783 1280 IX,
812 1234 860 1270 26
900 1228 1035 1277 (ναός),
1068 1228 1256 1280 ὑψίκερας
1294 1230 1341 1269 fr.
1370 1233 1442 1269 285
1470 1226 1603 1275 (ὑ-ατα

285 1293 461 1348 πέτραν),
488 1294 700 1350 ὑψιχαίτας
725 1302 804 1349 pyt.
832 1297 903 1346 IV,
933 1300 1005 1336 172
1031 1293 1208 1346 (ἀνέρες).

387 1363 438 1401 In
479 1364 540 1403 his
578 1365 800 1414 compositis
838 1364 1011 1403 suethice
1054 1363 1358 1413 interpretandis
1397 1363 1604 1413 saepissime

284 1428 378 1467 lieet
416 1429 473 1468 uti
512 1429 701 1469 vocabulo
741 1430 846 1481 quod
885 1434 946 1470 est
987 1429 1107 1476 hafva
1147 1435 1259 1478 (vara
1295 1429 1455 1476 f6rsedd
1492 1429 1603 1474 med).

286 1494 403 1545 Quod
429 1500 560 1535 tamen
586 1509 663 1535 non
691 1498 785 1535 satis
810 1501 945 1546 aptum
974 1500 1033 1534 est
1058 1497 1098 1534 in
1122 1495 1168 1533 iis
1187 1495 1392 1543 nonnullis,
1411 1508 1497 1544 quae
1515 1508 1603 1533 cum

286 1560 504 1600 nominibus
530 1562 587 1601 ita
612 1562 900 1612 conjunguntur
926 1565 970 1601 ut
994 1562 1038 1611 is,
1063 1561 1113 1601 ad
1132 1574 1246 1612 quem
1264 1561 1434 1601 refertur
1451 1574 1604 1612 compo-

285 1627 412 1676 situm,
440 1628 587 1678 aliquid
614 1642 749 1677 gerere
768 1629 970 1677 cogitetur.
1011 1629 1068 1667 Ut
1085 1628 1228 1668 talibus
1246 1627 1441 1667 vocabulis
1458 1628 1604 1667 utimur

286 1693 419 1742 qualia
457 1698 549 1733 sunt
588 1694 711 1733 bruka
750 1691 1075 1744 (παλίγγλωσσος,
1121 1690 1316 1739 αὐτόπους
1331 1694 1382 1744 ³),
1427 1690 1603 1742 αὐτόχειρ

286 1761 371 1799 med
387 1773 479 1809 eyen
495 1759 576 1810 fot,
601 1760 785 1800 herskare
803 1761 887 1799 med
904 1773 995 1809 eyen
1013 1760 1192 1811 hand⁴)),
1219 1759 1340 1805 halla,
1359 1764 1481 1809 styra,
1508 1761 1540 1807 (ι’
1558 1771 1604 1798 en

284 1826 476 1874 riktm’ny:
502 1823 767 1872 ὀπισθόπους,
793 1823 1015 1876 προνωπής,
1035 1822 1606 1876 .ἰρι)σανής)-βαρυπάλαμος

285 1890 508 1930 hardhdndt
534 1891 628 1930 sive:
656 1903 737 1930 som
766 1891 899 1941 ldyyer
924 1893 986 1930 sin
1011 1891 1117 1930 hand
1143 1894 1255 1940 tunyt
1273 1891 1342 1939 pd.

389 1956 485 2008 Quae
525 1970 646 2008 supra
684 1958 905 1997 enumeravi
945 1958 1158 2008 composita
1189 1970 1267 1997 11011
1297 1969 1389 1996 raro
1414 1956 1460 1996 fit
1485 1960 1529 1995 ut
1553 1955 1605 1995 ad

286 2036 349 2062 res
375 2023 683 2064 transferantur:

388 2088 469 2129 Ae:
497 2087 722 2139 λινόπτερος
745 2087 969 2141 (ὀχήματα),
994 2087 1214 2139 ὁμόπτερος
1231 2091 1366 2140 (νᾶες),
1385 2085 1607 2138 ὠκύπτερος

286 2156 431 2208 (νῆες),ι
455 2153 709 2205 λευκόπτερος
743 2153 927 2207 (νιφάδι),
966 2152 1205 2206 ταχύπτερος
1243 2153 1409 2206 (πνοαί),
1437 2151 1606 2204 ἅπτερος

391 2298 419 2335 ¹)
441 2296 645 2328 Substantivi
668 2297 794 2329 vicibus
815 2286 974 2338 fungitur.

389 2348 416 2390 ²)
438 2347 495 2380 Gfr
515 2347 614 2381 Grdz.
638 2349 710 2381 306.

390 2401 420 2437 ²)
442 2398 476 2430 Si
498 2399 629 2440 quidem
652 2398 723 2431 haeo
744 2399 937 2440 conjectura
958 2409 1036 2432 vera
1056 2402 1118 2432 est.

389 2453 418 2490 ⁴)
440 2450 515 2484 Non
546 2450 654 2482 minus
692 2449 793 2483 libere
829 2450 937 2482 nostri
968 2450 1177 2492 eqenhdndiy
1207 2449 1368 2482 vocabulo
1403 2451 1540 2481 utuntur
1570 2449 1605 2480 in

283 2501 475 2545 quotidiano
496 2510 662 2535 sermone:
684 2500 749 2534 den
770 2501 997 2544 eqmwndiye
1009 2500 1240 2543 forsauarem
1264 2499 1400 2534 similia.
