1835 2968
843 173 865 208 7

187 277 296 312 svart
327 273 545 322 significare
576 276 706 323 potest
743 272 823 322 (cfr
848 272 989 323 Pass.).
1043 273 1146 312 Sunt
1170 283 1262 310 vero
1288 270 1407 310 etiam
1433 270 1512 310 alia

187 338 385 388 nonnulla,
422 351 509 388 quae
536 339 610 377 hoc
636 340 677 377 in
703 352 864 378 numero
892 339 1117 389 reponenda
1142 349 1336 384 censeam,
1363 340 1405 375 et
1430 337 1512 386 qui-

125 397 129 400 *
186 405 275 446 dem
318 405 424 457 apud
468 405 708 456 Aeschylum
747 405 848 445 haec:
894 402 1244 449 ὁυσοδοπαίπαλος
1283 416 1383 443 eum,
1424 406 1511 451 387,

185 469 490 520 κελαινόβρωτος
528 484 589 521 pr.
632 474 742 520 1025,
781 469 1037 523 μελαμπαγής
1074 484 1134 520 ag.
1176 474 1263 519 392,
1303 473 1402 519 sept.
1438 472 1510 507 737

184 529 331 588 (αἷμα),
373 533 570 587 &guyn-avg
607 538 657 577 al.
700 538 746 577 fr.
789 541 873 587 328,
915 533 1171 586 ὄρθοόίκαιος
1207 541 1263 587 pt.
1294 548 1395 575 eum.
1422 538 1510 574 994.

184 603 264 642 Illa
300 604 341 642 in
380 617 522 652 genere
561 604 856 643 determinativo
896 604 1039 642 ducere
1079 605 1110 641 si
1151 604 1237 652 quis
1276 602 1391 650 volet,
1432 614 1511 640 non

185 669 334 719 negabo
365 670 496 721 aliquo
524 671 639 711 modo
665 671 783 710 licere
808 670 905 709 illud
932 669 1100 719 quidem.
1154 670 1214 709 At
1238 672 1284 708 ut
1308 669 1347 708 in
1376 672 1510 708 nostro

184 749 360 775 sermone
379 738 475 776 talia
493 738 718 787 composita,
738 737 870 785 qualia
889 741 979 775 sunt
1007 736 1246 784 ldnykrokiy.
1272 736 1508 784 ltinytrcikiq,

183 802 224 840 in
264 801 507 842 dissolvendo
546 802 844 853 interpretanda
881 805 972 840 sunt
1012 802 1104 850 lcinq
1143 801 1211 840 och
1242 801 1388 849 krokiq,
1416 800 1509 849 ldny

183 868 252 908 och
279 869 419 918 trdkiffi
446 870 504 908 ita
528 869 619 918 tale,
653 868 768 918 quale
801 873 861 908 est
892 865 1249 914 δυσοδοπαίπαλος,
1277 867 1509 906 determina-

183 935 272 974 tivis
309 936 349 973 in
389 936 611 985 compositis
650 948 796 985 ponere
829 935 935 983 mihi,
963 935 996 972 si
1022 947 1099 972 non
1125 933 1350 982 absurdum,
1378 924 1508 972 tamen

184 1000 341 1040 difficile
381 1001 545 1041 videtur.
601 1001 666 1040 Ac
692 1002 724 1040 si
749 1003 790 1040 in
818 1001 1123 1040 determinativis
1150 1000 1393 1038 numeranda
1418 1001 1507 1048 sint,

184 1067 298 1104 unius
337 1066 546 1105 alteriusve
587 1079 637 1105 an
664 1067 795 1116 priore
819 1067 861 1104 in
888 1070 1000 1116 parte
1028 1067 1122 1103 insit
1147 1066 1254 1103 notio
1280 1065 1508 1114 principalis

184 1131 354 1171 dubitari
393 1136 532 1182 potest.
593 1132 710 1171 Certe
750 1132 904 1171 videtur
944 1132 1027 1181 ejus
1066 1132 1171 1180 quod
1211 1133 1271 1169 est
1309 1126 1509 1179 ὃξύγλυκιπς

182 1199 377 1248 posterior
403 1211 495 1248 pars
522 1211 599 1237 non
626 1199 747 1247 magis
773 1198 1000 1248 principalis
1027 1211 1110 1236 esse
1138 1210 1253 1246 quam
1282 1197 1390 1247 prior
1413 1197 1507 1247 pars

182 1266 286 1304 vocis
325 1262 589 1313 γλυκύπικρος,
630 1268 759 1314 atque,
801 1268 845 1303 ut
884 1264 1056 1303 suethice
1097 1264 1315 1312 loquamur,
1347 1266 1506 1302 sur-sota

182 1331 305 1369 miner
332 1343 448 1380 quam
475 1333 633 1369 sfitsura
660 1343 738 1368 non
760 1330 1013 1380 jucundiores
1040 1333 1140 1367 sunt.

284 1397 343 1435 Ut
380 1397 420 1434 in
455 1401 598 1444 nostro,
632 1397 687 1434 sic
713 1397 753 1434 in
781 1408 907 1444 graeco
934 1408 1111 1434 sermone
1138 1394 1261 1433 multa
1287 1398 1379 1433 sunt
1403 1407 1505 1433 com-

180 1463 319 1511 posita,
347 1474 433 1510 quae
460 1461 552 1499 ficta
578 1475 599 1498 e
626 1461 776 1499 duobus
803 1461 1021 1499 nominibus
1040 1461 1214 1498 colorum
1233 1461 1383 1503 varium
1401 1461 1505 1498 inter

180 1527 251 1567 hos
284 1527 453 1566 colorem
494 1526 723 1575 significent.
777 1527 996 1576 Saepissime
1025 1539 1117 1565 sane
1144 1525 1250 1564 notio
1277 1526 1504 1576 principalis

179 1594 219 1632 in
246 1593 462 1643 posteriore
489 1595 602 1642 parte
628 1594 740 1641 inest,
767 1593 806 1631 id
834 1592 938 1642 quod
966 1592 1147 1631 facillime
1174 1590 1230 1640 fit,
1256 1604 1374 1640 quum
1393 1593 1503 1641 prior

179 1672 272 1710 pars
298 1658 468 1698 colorem
494 1671 565 1708 per
592 1671 632 1697 se
659 1659 785 1709 ipsum
812 1658 938 1697 minus
964 1657 1264 1697 determinatum
1291 1657 1502 1707 significat:

178 1724 442 1774 λευκέρυθρος,
470 1722 769 1771 λευκοποίκιλος,
793 1722 1125 1775 μελαμπόρφυρος
1151 1724 1230 1774 (cfr
1249 1728 1384 1764 nostra
1404 1724 1502 1773 ljus-

178 1791 259 1839 reid,
287 1790 523 1842 mc'irkbrun).
575 1790 654 1831 Sed
679 1792 849 1841 priorem
875 1794 1028 1840 partem
1054 1790 1311 1840 principalem
1338 1791 1503 1840 cogitari

178 1858 349 1907 potuisse
377 1869 568 1906 apparere
595 1857 689 1895 mihi
715 1856 867 1895 videtur
893 1870 914 1895 e
941 1857 1084 1895 talibus
1110 1857 1333 1906 compositis
1359 1858 1502 1896 nostris

179 1923 311 1973 qualia
349 1926 456 1961 sunt:
496 1923 645 1971 rb'dyuz,
673 1923 824 1971 quma,
854 1923 998 1971 ὂῖᾶραῐ,
1023 1922 1172 1971 qulbld,
1198 1922 1386 1968 svartblci,
1415 1922 1500 1961 bla-

177 1992 296 2027 svart.
352 1987 401 2025 In
441 1999 568 2035 graeco
608 2000 785 2027 sermone
812 1988 1032 2038 hujusmodi
1060 1988 1276 2038 composita
1301 1988 1407 2038 apud
1433 1988 1501 2028 flo-

177 2055 300 2093 rentis
341 2054 467 2093 aetatis
507 2055 717 2104 scriptores
756 2055 819 2093 vix
857 2055 1105 2093 inveniuntur
1132 2057 1250 2103 atque
1276 2054 1382 2104 apud
1408 2054 1500 2094 Pin-

178 2121 316 2159 darum
344 2124 384 2158 et
409 2119 649 2170 Aeschylum
675 2121 793 2170 plane
820 2120 969 2165 desunt.
998 2130 1001 2132 ’

280 2186 342 2225 Ex
380 2186 439 2234 iis,
467 2198 554 2235 quae
581 2186 674 2235 dixi,
702 2190 879 2237 apparet,
907 2186 1036 2235 credo,
1065 2189 1110 2225 ut
1135 2187 1345 2236 saepissime
1371 2191 1498 2237 poste-

175 2253 270 2291 riori
297 2252 500 2301 compositi
527 2251 700 2290 membro
727 2253 837 2301 quasi
862 2253 1105 2301 principatus
1124 2252 1277 2291 delatus
1295 2254 1356 2302 sit,
1375 2254 1498 2302 priori

176 2317 461 2358 determinandi
500 2330 650 2367 munus,
689 2318 746 2357 ita
784 2321 824 2357 et
864 2318 1107 2358 substantiva
1132 2321 1173 2357 et
1197 2318 1389 2370 adjectiva
1414 2332 1496 2359 esse

176 2383 374 2432 nonnulla,
414 2384 454 2422 in
487 2383 626 2433 quibus
652 2396 700 2423 ex
726 2397 837 2434 aequo
863 2385 903 2423 in
929 2385 1154 2424 societatem
1180 2385 1357 2425 venerint
1381 2385 1495 2425 ambo

174 2449 349 2490 membra
381 2451 422 2489 et
451 2450 539 2502 pari
559 2450 650 2502 jure
676 2453 848 2491 utantur.
903 2450 1007 2503 Quin
1032 2451 1150 2491 etiam
1176 2454 1381 2504 exaequata
1406 2464 1495 2495 cum
