1835 2968
956 213 1007 250 20

416 327 472 366 yy.
523 327 551 354 a
576 313 797 354 verbalibus
824 314 866 353 in
893 326 990 359 -τος,

417 385 499 426 Ae:
538 381 707 425 ἀπιστία
732 384 771 425 h.
799 397 860 434 ag.
887 387 973 433 268,
1008 383 1230 433 δυσπραξία
1256 384 1307 424 al.
1333 397 1394 435 pr.
1421 388 1509 435 966,
1534 398 1636 426 eum.

316 456 401 503 769,
430 448 623 502 εὐπραξία
650 451 702 491 al.
729 455 827 502 sept.
856 453 942 490 224.

415 519 468 558 P:
508 514 669 568 ἅγρυξία
701 517 751 555 fr.
779 519 866 565 253,
906 512 1072 553 ἀελπτία
1098 520 1179 566 pyt.
1207 517 1314 564 XII,
1340 520 1400 566 31,
1440 514 1638 567 ἀμβροσία

314 585 353 625 h.
382 585 433 625 01.
462 584 497 634 Ι,
526 586 586 623 62.

416 675 475 713 δᾶ.
528 687 554 713 a
580 673 800 713 verbalibus
826 674 867 712 in
894 686 967 725 -ης,

416 748 498 787 Ae:
526 741 692 797 ἀλήθεια
711 746 748 784 h.
767 758 829 794 ag.
850 748 935 794 613,
963 740 1159 794 ἀσφάλεια
1177 745 1228 784 al.
1248 757 1333 795 sup.
1351 749 1439 796 495,
1467 745 1637 800 ἀφάνεια

313 814 363 853 al.
404 826 465 862 ag.
500 813 585 860 384,
627 809 833 859 δυσσέβεια
859 812 909 850 al.
937 812 997 850 ch.
1028 812 1111 859 704,
1152 806 1332 858 εὐλάβεια
1358 813 1407 852 al.
1435 827 1495 863 ag.
1525 818 1635 865 1024,

311 876 489 927 εὐσέβεια
508 878 558 916 al.
579 881 675 927 sept.
699 879 784 925 344,
812 873 1038 927 προμήθεια
1056 877 1089 927 ¹)
1112 877 1162 914 al.
1182 890 1264 927 sup.
1288 881 1371 923 178,
1399 878 1637 932 προσφίλεια

311 948 367 995 pt.
395 947 493 994 sept.
520 946 594 981 515
613 944 661 994 ²).
1097 948 1101 954 '

414 1010 465 1050 P:
488 1004 674 1047 ’ἀλάθεια
700 1009 738 1047 h.
767 1020 866 1046 nem.
895 1008 945 1057 V,
976 1012 1034 1057 17,
1062 1004 1230 1059 ἀφάνεια
1256 1009 1307 1048 al.
1334 1010 1435 1049 istm.
1464 1010 1546 1060 ΙΙΙ,
1573 1014 1635 1062 49,

313 1072 546 1125 προμάθεια
572 1075 621 1115 al.
650 1087 750 1113 nem.
779 1073 861 1122 XI,
888 1076 950 1113 46.

416 1143 548 1182 Unum
567 1141 782 1181 alterumve
801 1153 826 1179 a
843 1141 1036 1191 principio
1054 1140 1288 1191 adjectivum
1307 1141 1397 1181 fuit:
1426 1139 1636 1194 ἀμβροσία.

414 1209 464 1249 In
496 1221 659 1248 numero
686 1207 951 1246 derivatorum
978 1206 1027 1246 ab
1055 1207 1274 1248 verbalibus
1291 1209 1332 1248 in
1358 1223 1424 1255 -ος
1449 1212 1637 1251 nonnulla

313 1280 415 1324 sunt,
456 1274 596 1325 quibus
636 1273 914 1322 respondentia
942 1273 1116 1311 verbalia
1142 1277 1212 1312 aut
1236 1274 1351 1324 plane
1379 1288 1456 1314 non
1483 1280 1636 1316 exstent

312 1337 541 1392 (ἅπαγορία,
585 1335 782 1389 συντυχία)
826 1342 895 1378 aut
937 1339 978 1376 in
1021 1352 1085 1390 -ης
1123 1341 1380 1379 terminentur
1423 1336 1634 1393 (ἇμεμφία,

311 1402 489 1456 ἄτρεμία,
517 1402 712 1453 δυσσεβία,
740 1401 942 1453 εὐπραγία,
960 1399 1126 1452 εὖσεβία.
1171 1405 1220 1443 In
1239 1418 1401 1445 numero
1420 1406 1632 1446 verbalium

311 1473 351 1512 in
391 1485 479 1517 -τος
515 1471 744 1511 vocabulum
789 1467 974 1520 ἄγρυκτος
1016 1470 1165 1510 nullum
1204 1475 1341 1521 exstat,
1387 1469 1634 1522 δύσπρακτος

311 1542 464 1577 tantum
490 1537 596 1587 apud
621 1537 868 1587 posteriores.

415 1603 547 1654 Hujus
573 1603 726 1652 generis
753 1602 815 1653 (β)
842 1602 1144 1652 compositorum
1171 1602 1254 1642 haec
1278 1606 1369 1643 sunt
1386 1604 1492 1654 apud
1511 1604 1629 1645 Hom.

311 1669 507 1720 exempla:
535 1666 738 1720 παρηορίη,
763 1664 946 1719 ἀφραδίῃ,
966 1666 1172 1719 πυγμαχίῃ,
1192 1666 1408 1720 ἀκομιστίη,
1427 1668 1631 1722 ἀμβροσίη,

312 1731 495 1787 ἀληθείης
521 1732 647 1785 Soph:
676 1730 877 1785 εὐφορβία.

413 1839 446 1875 2¹.
499 1825 617 1865 Prior
635 1837 738 1875 pars
764 1837 900 1863 nomen
927 1826 1089 1874 ayentis.

413 1897 495 1937 Ae:
535 1894 721 1946 λιψουρία
761 1896 821 1934 ch.
857 1898 929 1934 756
969 1896 1212 1946 (”verlan9en
1237 1910 1287 1936 zu
1306 1897 1463 1947 pissen”
1489 1898 1629 1950 Pass.).

311 1964 420 2004 Huic
438 1963 651 2014 composito
670 1962 810 2000 similia
826 1964 1005 2012 exempla
1022 1963 1085 2001 vix
1102 1963 1227 2002 habeo
1247 1976 1333 2013 quae
1347 1962 1508 2002 afferam
1520 1964 1595 2003 nisi
1609 1977 1629 2003 e

310 2029 590 2080 posterioribus
617 2027 886 2078 scriptoribus:
929 2025 1185 2079 φιλοκυνηγία,
1213 2025 1431 2080 φιλολαλία,
1458 2028 1629 2079 φιλολοι-

311 2092 436 2145 ὄορία,
469 2090 720 2132 &sannanim
758 2093 866 2132 Plat:
896 2090 1147 2131 ἐθελοδουλία
1175 2095 1273 2145 (var.
1289 2091 1415 2145 ι-εία).
1468 2094 1546 2135 Sed
1572 2098 1630 2135 ta-

310 2174 398 2201 men
438 2161 601 2209 cogitari
639 2164 769 2211 potest
794 2160 910 2199 fuisse
937 2160 1146 2210 aliquando
1172 2158 1361 2211 λιψουρός
1386 2160 1627 2211 vocabulum,

310 2227 444 2265 fictum
470 2225 606 2265 eodem
632 2225 747 2264 modo
774 2238 852 2275 quo
879 2223 1154 2276 φιλοπαίγμων
1179 2226 1348 2277 (Hom.),
1377 2222 1630 2271 ἑθελόδουλος

311 2292 464 2342 (Plau),
506 2289 810 2340 ἕθελοπρόξενος
833 2291 1008 2341 (Thuc.),
1049 2289 1320 2342 φιλολοίδορος
1346 2290 1547 2342 (Ausum),
1574 2293 1630 2332 ita

414 2403 441 2444 ¹)
463 2401 516 2434 Sic
532 2401 610 2449 eod.
632 2401 688 2434 sed
711 2412 810 2443 supra
827 2402 986 2443 scriptum
1010 2414 1021 2431 ι
1043 2402 1254 2444 (προμηθία),
1275 2412 1350 2444 quae
1366 2401 1628 2435 foi-mafortasse

309 2457 361 2486 est
382 2452 590 2495 praeferenda
611 2453 694 2492 (vid.
719 2453 818 2485 Dind.
835 2453 926 2492 lex.).

413 2505 443 2544 ²)
465 2504 502 2537 ln
523 2514 620 2536 versu
643 2504 889 2545 interpolatoris
910 2504 993 2544 (vid.
1014 2503 1139 2543 Dind.).
1158 2545 1164 2551 .
