1835 2968
966 213 1019 252 40

429 326 462 353 c.
517 311 633 353 Prior
679 324 781 362 pars
823 312 1064 363 adjectivum,
1108 311 1366 352 adverbialem
1413 315 1456 353 in
1498 313 1649 352 modum

327 380 556 433 adhibitum.
605 423 609 425 ,

429 468 510 509 Ae:
539 467 702 518 ὀξυβόας
728 472 782 520 pt.
811 482 871 518 ag.
899 473 948 508 57
976 467 1111 521 (γόον).

430 536 482 576 P:
527 533 724 585 βαρυβόας
765 536 812 575 fr.
857 539 940 585 107,
976 548 1007 585 2,
1048 534 1253 586 βαρυόπας
1272 537 1307 588 “)
1351 542 1431 588 pyt.
1472 539 1547 585 VI,
1587 540 1648 586 24,

327 598 553 651 εὖθυμάχας
592 602 640 640 01.
674 602 774 648 VII,
818 605 875 651 15,
917 598 1110 651 εὗρὐόπας
1141 604 1178 642 h.
1207 604 1253 641 fr.
1284 607 1357 642 238
1375 607 1409 655 ¹)
1436 600 1651 653 ὄρθοδίκας

327 673 407 720 pyt.
436 668 518 719 XI,
546 672 581 708 9.

429 781 467 821 d.
520 780 638 820 Prior
660 793 760 829 pars
785 781 1019 837 adverbium.

430 871 512 912 Ae:
540 875 772 923 καταφαγᾶς
788 873 823 922 ²)
849 873 898 912 fr.
928 875 1013 912 352.

431 938 481 977 P:
511 934 728 986 ἐνδομάχας
754 939 803 977 01.
831 939 937 987 XII,
968 941 1026 987 14,
1054 934 1290 987 μαψυλάκας
1314 952 1414 977 nem.
1435 939 1534 988 VII,
1565 941 1649 988 105,

328 1000 531 1054 ὑψιπέτας
550 1004 589 1043 h.
616 1007 697 1055 pyt.
727 1004 809 1053 III,
840 1006 924 1044 105.

431 1070 495 1109 Ex
517 1070 578 1109 his
598 1083 685 1120 quae
706 1072 929 1109 enumeravi
947 1070 1148 1121 adjectivis
1167 1071 1386 1110 verbalibus
1405 1071 1543 1110 suffixo
1557 1085 1581 1108 α
1596 1072 1651 1123 (η)

329 1137 517 1185 formatis,
547 1149 645 1185 1quae
685 1137 826 1185 omnia,
866 1140 1028 1187 excepto
1055 1134 1286 1186 χαλκοάρας,
1314 1138 1477 1176 activam
1505 1137 1652 1176 habent

329 1202 662 1251 significationem,
690 1201 821 1240 videre
849 1202 941 1241 licet
966 1202 1194 1251 Pindarum,
1223 1204 1288 1252 qui
1314 1203 1354 1241 in
1380 1204 1520 1242 ceteris
1550 1216 1650 1242 com-

328 1270 545 1318 positorum
571 1267 778 1316 generibus
805 1269 1003 1319 Aeschylo
1031 1269 1152 1308 multo
1180 1269 1263 1307 sere
1289 1271 1476 1308 minorem
1508 1270 1652 1309 habeat

329 1347 545 1382 numerum,
565 1334 604 1372 in
626 1333 699 1372 hoc
726 1337 856 1373 tamen
884 1335 1138 1384 copiosiorem
1166 1347 1259 1373 esse.
1311 1335 1402 1374 Duo
1430 1331 1650 1385 (εὐρυόπας,

327 1396 548 1450 ὑψιπέτας)
588 1400 752 1449 sumpsit
790 1399 840 1438 ab
880 1401 1068 1449 Homero,
1110 1402 1177 1450 qui
1216 1401 1372 1450 quidem
1416 1405 1560 1451 praeter
1604 1413 1651 1440 ea

328 1478 449 1504 unum
475 1469 628 1504 tantum
654 1465 867 1504 alterumve
893 1465 1054 1505 adhibet
1086 1464 1356 1518 (κλυτοτέχνης,
1382 1464 1651 1519 λαβραγόρης).

329 1530 466 1581 Atque
499 1544 569 1570 cur
601 1531 716 1570 Pind.
743 1532 860 1582 plura
886 1545 1001 1581 quam
1029 1531 1174 1571 Aesch.
1207 1532 1439 1581 adhibuerit,
1465 1533 1506 1571 id
1533 1533 1651 1572 credo

329 1596 447 1635 fuisse
474 1596 579 1646 quod
603 1597 799 1647 adjectiva
824 1597 998 1637 verbalia
1023 1598 1163 1637 suffixo
1191 1612 1215 1635 α
1243 1599 1302 1649 (η)
1329 1598 1497 1637 formata
1523 1599 1652 1637 atticae

329 1662 497 1702 dialecto
537 1663 706 1713 quodam
746 1663 861 1702 modo
902 1663 1197 1714 displicuerunt,
1236 1664 1471 1714 placuerunt
1496 1664 1649 1704 doricae.

331 1728 447 1780 Quod
465 1742 511 1768 eo
531 1729 725 1768 declarari
744 1730 837 1768 mihi
856 1729 1022 1778 videtur,
1040 1730 1144 1779 quod
1159 1731 1378 1781 Aeschylus
1393 1731 1514 1769 attica
1526 1730 1653 1770 forma

329 1796 369 1833 in
397 1810 438 1846 -r,
466 1808 679 1844 numquam
706 1796 831 1834 utitur
858 1795 1145 1845 (dependentiae
1173 1797 1387 1846 composita
1412 1796 1487 1835 hoc
1513 1796 1651 1835 suffixo

330 1860 500 1899 formata
526 1861 604 1898 tria
630 1860 746 1899 modo
773 1861 934 1899 adhibet
960 1865 1000 1899 et
1026 1861 1181 1910 quidem
1212 1862 1252 1899 in
1284 1862 1505 1900 accusativo
1531 1862 1649 1911 plur.:

328 1922 624 1975 ἑκατοντάρχας,
652 1923 906 1975 στρατάρχας,
933 1923 1176 1977 ταξιάρχας).

432 1990 585 2030 Eadem
611 1992 765 2030 videtur
791 2005 873 2031 esse
900 1993 1000 2031 ratio
1028 1992 1132 2042 apud
1160 1992 1278 2043 Soph.
1310 1996 1350 2032 et
1374 1993 1484 2043 Eur„
1525 1993 1649 2044 Soph:

329 2053 469 2110 εὖνόμᾳ
508 2056 576 2097 Ai.
617 2061 703 2108 601,
744 2057 832 2104 τοὺς
871 2055 1086 2107 δισσάρχας
1126 2062 1211 2109 390,
1244 2056 1458 2109 κοκκοβόας
1489 2059 1535 2099 fr.
1565 2063 1650 2110 900,

330 2120 531 2174 ὑψιπέτας
570 2124 618 2162 fr.
658 2126 745 2173 423,
783 2135 811 2172 1,
854 2123 1071 2172 χαλκοβόαν
1112 2125 1193 2164 OC.
1231 2127 1347 2174 10463
1374 2125 1476 2164 Eur:
1504 2122 1652 2178 ἁδυβόᾳ
1724 2162 1731 2167 ,

330 2189 475 2229 Bacch.
518 2192 602 2239 127,
641 2186 828 2238 ,ιιελιβόας
865 2190 913 2229 fr.
957 2193 1041 2240 775,
1082 2202 1132 2240 32,
1175 2189 1394 2243 μηλονόμας
1432 2191 1522 2231 Alc.
1564 2194 1650 2242 572,

331 2251 505 2302 ὠκυρόαν
544 2256 691 2294 Bacch.
733 2258 819 2294 569.
873 2256 1019 2295 Atticae
1059 2261 1190 2296 autem
1230 2258 1364 2297 formae
1402 2258 1443 2295 in
1477 2273 1517 2309 -η
1543 2259 1652 2302 nulla

330 2319 456 2360 habeo
483 2321 662 2373 exempla
687 2334 774 2372 quae
805 2321 978 2362 afferam.

435 2442 461 2483 ¹)
482 2441 545 2473 cfr.
568 2442 665 2474 Grdz.
688 2444 759 2475 453.

435 2493 464 2532 ²)
485 2492 542 2526 Cfr
563 2492 647 2526 Lob.
670 2494 743 2528 434.
