1835 2968
979 209 1028 245 62

339 308 495 358 quidem
528 321 671 358 magua
695 309 736 347 in
762 308 1010 348 multitudine
1035 308 1152 359 hujus
1176 308 1328 357 generis
1353 308 1566 350 verbalium
1593 321 1659 349 no-

339 387 429 414 men
454 374 586 425 priore
612 375 653 414 in
679 378 794 425 parte
819 375 948 415 habet.

440 456 477 494 6.
531 454 641 495 Pars
666 456 886 506 posterior
911 455 1069 497 suffixo
1094 471 1163 508 τηρ
1189 456 1387 496 formata.

443 527 524 566 Ae:
565 523 750 579 ἀναλυτὴρ
777 529 838 567 ch.
868 532 952 578 159,
980 525 1197 580 ἀναστατὴρ
1224 533 1320 579 sept.
1350 530 1459 576 1015,
1486 529 1546 567 ch.
1574 532 1660 577 303,

340 589 559 644 ἀτιμαστήρ
585 597 683 644 sept.
712 595 798 643 637,
839 590 1068 646 διαλλακτήρ
1094 597 1150 645 pt.
1179 599 1275 645 sept.
1304 597 1390 643 908,
1430 590 1660 646 ἓπαμβατήρ

340 659 400 698 ch.
434 660 509 698 280
552 659 723 709 (σαρκῶν
761 656 851 705 ἕ-ας
888 659 1088 710 λειχῆνας),
1128 657 1307 711 ἑποπτήρ
1347 660 1396 699 al.
1436 663 1532 710 sept.
1574 662 1660 709 640,

341 721 616 777 καταισχυντήρ
643 738 703 775 ag.
734 728 843 776 1363,
883 722 1081 778 κατοπτήρ
1107 724 1157 766 al.
1184 730 1282 777 sept.
1311 729 1371 773 36,
1410 721 1660 778 ὑπασπιστὴρ

340 804 424 842 sup.
456 794 528 830 182
555 787 686 843 (ὄχλον
712 791 747 829 δ’
773 788 919 842 ὑ-ἢρα),
947 789 1129 843 ἕξαυστήρ
1156 792 1204 831 fr.
1233 795 1318 832 366.

443 856 641 897 Pindarus
673 870 793 897 unum
826 857 961 898 habet:
1002 855 1241 910 συνοικιστήρ
1268 859 1317 899 ol.
1345 859 1420 909 VI,
1448 861 1482 898 6.
1535 858 1659 898 Hom:

341 920 565 975 ἄπο-κλητήρ.

444 990 545 1029 Haec
585 991 716 1029 omnia
755 994 847 1028 sunt
885 990 1041 1029 nomina
1073 991 1240 1039 agentis,
1274 994 1436 1045 excepto
1468 988 1660 1043 ἔξαυστήρ,

341 1056 446 1106 quod
473 1069 613 1096 nomen
640 1057 888 1096 instrumenti
914 1056 1115 1105 significat.
1171 1056 1402 1107 Comparari
1427 1061 1591 1107 possunt
1615 1071 1662 1096 ea

340 1135 426 1171 quae
445 1122 568 1160 nostri
586 1121 722 1161 dicunt
748 1122 1014 1176 kaffekokare„
1031 1121 1420 1170 brdnnvinsprofvare
1446 1127 1486 1161 et
1510 1122 1659 1161 similia.

341 1187 646 1238 Nonnumquam
686 1187 967 1238 adjectivorum
1006 1188 1046 1226 in
1085 1186 1242 1226 modum
1281 1200 1370 1227 cum
1414 1187 1661 1228 substantivis

341 1253 646 1303 conjunguntur:
689 1251 969 1304 ἐπαμβατῆρας
1007 1252 1190 1303 λειχῆνας,
1231 1249 1343 1300 ῗίχλον
1373 1250 1660 1305 ὑπασπιστῆρα.

445 1334 480 1373 7.
535 1333 645 1373 Pars
672 1334 892 1384 posterior
919 1333 1077 1374 suffixo
1105 1348 1173 1382 τορ
1200 1333 1399 1373 formata.

443 1407 524 1443 Ae:
573 1402 802 1456 θεομήστωρ
846 1418 947 1455 pers.
992 1408 1084 1453 654,
1129 1402 1404 1456 πολυμνήστωρ
1447 1418 1530 1455 sup.
1575 1408 1661 1455 535,

1713 54 1717 73 Q
1729 53 1732 58 ·
1740 60 1825 76 33333

341 1467 579 1519 δυσευνάτωρ
606 1474 702 1520 sept.
732 1473 805 1509 293
837 1467 1095 1520 (δράκοντας),
1123 1467 1313 1518 ἐκδέκτωρ
1340 1470 1388 1508 fr.
1419 1473 1491 1508 194
1516 1468 1663 1520 (πόνων
1734 1466 1743 1481 ’

341 1533 469 1586 ἑ-ωρ),
510 1532 702 1587 ἐφάπτωρ
741 1540 796 1586 pt.
836 1549 919 1586 sup.
961 1539 1046 1584 312,
1087 1534 1310 1585 προσίκτωρ
1337 1548 1436 1574 eum.
1471 1540 1542 1574 119
1575 1532 1661 1585 (οὐκ

341 1598 429 1646 ἐμοὶ
456 1602 580 1650 π-ες),
606 1603 679 1639 441
708 1598 892 1651 (σεμνός),
920 1598 1143 1650 συλλήπτωρ
1161 1600 1211 1638 al.
1230 1612 1290 1648 ag.
1313 1603 1422 1648 1508,
1449 1598 1660 1648 συνδαίτωρ

341 1679 441 1706 eum.
484 1669 569 1715 351,
610 1664 798 1715 συνίστωρ
831 1666 880 1706 al.
913 1679 973 1714 ag.
1005 1669 1102 1704 1090
1141 1664 1294 1716 (στέγην
1320 1679 1438 1713 σ-ορα
1465 1661 1660 1715 αὐτοφόνα

341 1727 452 1775 κακά,
479 1728 711 1790 συνοικτῖτωρ
739 1740 838 1763 eum.
867 1732 953 1763 833.

443 1805 568 1837 Hom:
596 1803 816 1844 ἑπιβώτωρ,
845 1802 1053 1844 ἑπιίστωρ,·
1079 1804 1204 1845 Soph:
1232 1801 1462 1843 ὑπερίστωρ.

445 1861 559 1902 Talia
586 1860 694 1901 nulla
719 1861 968 1900 inveniuntur
994 1859 1098 1911 apud
1125 1859 1353 1900 Pindarum.

443 1929 617 1979 Dignum
636 1934 696 1970 est
714 1928 920 1970 observatu
940 1927 1044 1977 quod
1069 1944 1359 1978 nonnumquam
1386 1929 1441 1976 fit,
1461 1933 1505 1967 ut
1522 1944 1660 1967 nomen

341 1995 491 2043 agentis
530 2007 618 2033 cum
659 1994 824 2044 objecto,
865 1993 969 2043 quod
1002 1994 1123 2042 ajunt,
1151 1994 1425 2043 conjungatur:
1460 1989 1661 2043 συνίστορα

343 2057 539 2112 αὐτοφόνα
567 2058 666 2099 κακά
693 2061 772 2112 (cfr
799 2060 892 2101 Cav.
921 2059 1029 2111 Synt.
1058 2060 1080 2112 ξ
1109 2063 1165 2099 30·
1184 2059 1236 2099 Α.
1265 2073 1367 2100 anm.
1396 2061 1449 2110 2).

443 2153 480 2192 8.
536 2151 643 2192 Pars
671 2151 890 2203 posterior
917 2150 1077 2191 suffixo
1104 2165 1141 2189 τι
1169 2150 1367 2191 formata.

445 2230 525 2264 Ae:
575 2222 859 2276 κεντροδήλητις
903 2237 985 2274 sup.
1033 2226 1106 2262 563
1153 2219 1328 2273 (ὀδύναις
1373 2235 1492 2260 κ-τισι
1511 2223 1557 2272 ¹),
1603 2223 1662 2262 cfr

341 2292 381 2331 id
403 2290 508 2343 quod
526 2291 648 2330 nostri
667 2290 816 2329 dicunt:
843 2289 1040 2328 stickande
1057 2290 1236 2341 smdrta),
1263 2287 1474 2340 πυρδαῆτις
1499 2287 1559 2327 oh.
1588 2290 1661 2327 606

341 2361 495 2410 (π-ῆτιν
510 2359 546 2409 ²)
573 2355 788 2408 πρόνοιαν).
1562 2354 1565 2358 '

446 2451 473 2487 ¹)
495 2448 574 2481 COd.
596 2449 856 2490 κενιρυ.)“αλήι·οις.

444 2502 474 2541 ²)
494 2500 575 2534 Cod.
599 2503 724 2543 πυρδαῆ
747 2512 829 2532 τινα.

1813 2872 1835 2968 §.z-v„
