1835 2968
974 203 1025 239 88

336 303 454 352 λενος,
486 298 845 353 λιπαροπλόκαμος,
873 297 1135 351 ὀρθόκραιρος
1160 297 1422 353 οὐλοκάρηνος,
1449 298 1657 354 πολιοκρό-

337 384 475 424 ταφος,
520 365 729 417 πολύπους,
774 364 961 416 ὠκύπους,
1006 364 1239 419 ὠκύπτερος,
1281 364 1465 420 ἑριαύχην,
1509 365 1656 419 εἷὸθριξ,

337 433 593 485 εὐπλόκαμος,
620 432 777 482 εύῶπις,
804 430 1042 486 ἀμφιγυήεις,
1074 430 1232 485 ἀπηνής,
1258 431 1424 483 ἔνορκος,
1450 432 1656 486 ὑψίκερως.

441 502 591 542 Tamen
630 500 851 552 Aeschylus
890 504 930 540 et
967 500 1163 540 Pindarus
1192 501 1329 540 talium
1356 503 1657 553 compositorum

339 582 418 609 non
457 569 584 609 minus
622 567 760 607 divites
792 567 880 618 plus
906 568 1180 617 quinquagena
1205 567 1478 617 adhibuerunt,
1505 581 1553 607 ex
1579 581 1657 619 quo

339 647 502 674 numero
546 634 681 673 vioena
724 634 807 672 sere
848 646 874 672 a
912 633 1019 672 nullo
1063 632 1139 672 alio
1177 633 1367 683 scriptore
1405 637 1656 684 usurpantur.

341 699 477 752 Atque
510 699 655 740 Aesch.
689 699 845 750 quidem
876 712 958 748 sua,
986 700 1157 749 exceptis
1182 700 1398 750 perpaucis,
1425 701 1508 751 ipse
1534 701 1657 751 finxit,

341 771 478 807 contra
516 780 565 805 ex
602 767 661 814 iis,
701 778 788 815 quae
827 765 1022 805 Pindarus
1060 764 1246 812 adhibuit,
1286 766 1419 815 viginti
1451 767 1534 806 fere
1566 770 1657 807 ante

339 846 430 873 eum
457 833 627 872 fuorunt.

441 899 577 949 Atque
622 898 835 949 Sophocles
876 911 1030 948 quoque
1071 898 1186 948 hujus
1224 898 1375 946 generis
1415 912 1492 938 non
1531 911 1658 950 pauca

338 967 471 1005 finxit:
515 961 785 1013 χαλκοσκελής,
833 960 1055 1011 ἀελλόθριξ,
1100 959 1388 1012 ἀθυρόστομος,
1434 962 1657 1013 δολιόπους,

338 1027 557 1081 εὗρύνωτος,
591 1025 843 1080 ὀρθόκρανος,
876 1025 1200 1080 στραβαλοκόμης,
1227 1024 1460 1077 ἀνόμματος,
1487 1026 1658 1082 δίλοφος,

339 1093 551 1145 τρίκρανος,
584 1091 856 1145 τετράπτερος,
889 1091 1044 1143 εἰῖρινος,
1072 1091 1275 1139 δεινόπους
1300 1091 1427 1144 (ἀρά),
1453 1093 1659 1141 κοινόπους

337 1158 585 1212 (παρουσία),
612 1155 790 1205 ὠκύπους
814 1154 963 1210 (ἀγών).

441 1272 478 1310 b.
538 1272 796 1320 Compositum
834 1284 935 1321 soepe
973 1272 1177 1311 adhibetur
1216 1272 1268 1310 ad
1307 1274 1450 1312 terram
1484 1274 1658 1324 aliquam

338 1337 398 1376 vel
435 1349 579 1387 aquam
617 1340 688 1375 aut
726 1337 878 1377 omnino
916 1350 996 1376 rem
1034 1340 1180 1376 natura
1210 1340 1381 1376 creatam
1412 1338 1658 1388 (utendum,

339 1417 458 1448 mare,
482 1404 616 1450 rivum,
639 1402 798 1450 fontem,
825 1415 975 1447 saxum,
996 1407 1169 1452 pratum,
1188 1404 1334 1454 ripam)
1360 1404 1656 1454 describendam,

340 1471 398 1508 ita
436 1472 481 1508 ut
513 1470 710 1519 posterior
743 1481 844 1517 pars
882 1469 1068 1517 siqniftcet
1111 1469 1246 1514 solum„
1288 1470 1436 1519 jugum,
1482 1471 1659 1520 lapidem,

339 1547 516 1581 arenam,
567 1535 715 1579 collem,
758 1538 938 1584 pratum,
983 1535 1140 1582 flumen,
1179 1534 1345 1582 fontem,
1385 1540 1541 1585 portum
1588 1541 1660 1576 aut

339 1601 494 1650 aliquid
518 1601 716 1649 ejusmodi.

443 1691 523 1730 Ae:
551 1687 830 1741 φοινικόπεδος
855 1691 903 1729 fr.
935 1693 1006 1728 192
1033 1691 1149 1740 (φ-ον
1173 1692 1324 1741 χεῦμα),
1357 1688 1574 1737 αἱπύνωτος
1598 1704 1658 1742 pr.

339 1760 415 1796 830
440 1753 679 1807 (Δωδώνην),
718 1752 936 1804 βαθύχθων
971 1759 1068 1806 sept.
1096 1759 1169 1794 306
1196 1750 1334 1806 (αἶαν),
1367 1753 1585 1806 ἓπτάρροος
1610 1758 1657 1797 fr.

341 1826 428 1872 304,
457 1833 476 1864 2
503 1821 693 1872 (Νεῖλος),
734 1817 946 1871 εὖρύ-ιτορος
974 1822 1012 1860 h.
1040 1835 1140 1872 pers.
1170 1825 1242 1861 108
1275 1819 1529 1873 (θαλάσσας),
1569 1824 1658 1862 καλ-

340 1886 493 1941 λίρροος
517 1888 555 1927 h.
574 1900 675 1938 pers.
696 1890 767 1926 201
789 1887 960 1939 (πηγῆς),
988 1885 1222 1937 κραταίλεως
1245 1889 1295 1928 al.
1315 1901 1374 1938 ag.
1395 1891 1468 1928 666
1486 1886 1658 1941 (χθόνα),

339 1951 658 2004 λεπτοψάμαθος
696 1966 780 2004 sup.
809 1957 831 1992 3
858 1952 1125 2003 (προστομίων
1162 1952 1318 1992 λ-άθων
1349 1952 1517 2005 Νείλου),
1558 1956 1660 1994 πλα-

339 2016 497 2068 τύρρους
533 2032 593 2069 pr.
634 2021 709 2057 852
747 2017 936 2069 (Νεῖλος),
977 2017 1265 2070 πολυηλάκατος
1302 2019 1349 2058 fr.
1383 2022 1405 2057 6
1431 2017 1659 2071 (ποταμός),

341 2083 524 2133 τρίγωνος
547 2083 597 2123 al.
624 2097 683 2134 pr.
711 2087 785 2122 813
812 2081 986 2135 (χθόνα),
1013 2080 1302 2135 ὖψηλόκρημνος
1327 2098 1386 2134 pr.
1412 2087 1435 2123 5
1462 2083 1661 2136 (πέτραις)

341 2172 392 2177 -
427 2145 582 2197 ἀκύμων
620 2149 669 2188 al.
709 2161 769 2197 ag.
811 2151 885 2187 566
924 2146 1115 2200 (πόντος),
1157 2145 1335 2197 ἀλίμενος
1371 2150 1421 2189 al.
1461 2163 1544 2201 sup.
1586 2153 1659 2190 768
1716 2152 1729 2163 κ

341 2212 515 2266 (χθόνα),
541 2211 732 2264 δύσορμος
749 2214 799 2253 al.
818 2227 919 2264 pers.
938 2216 1014 2254 448
1040 2216 1169 2266 (νῆσος
1196 2214 1285 2260 δ-ος
1310 2212 1467 2266 ναυσίν),
1494 2212 1660 2266 ε’ύπορος

341 2280 391 2320 al.
419 2293 504 2330 sup.
530 2282 606 2319 470
646 2277 863 2330 (πέλαγος),
902 2276 1140 2331 ὑψίκρημνος
1177 2280 1215 2319 h.
1243 2293 1301 2330 pr.
1328 2282 1400 2319 421
1435 2278 1658 2333 (πόλισμα),

341 2346 390 2385 fr.
419 2348 468 2384 28
494 2342 690 2397 (Ἱμέραν).

394 2448 397 2451 .
443 2410 494 2450 P:
528 2408 799 2463 φοινικόροδος
824 2414 879 2460 pt.
907 2411 955 2450 fr.
984 2413 1044 2460 95,
1067 2421 1097 2459 2,
1124 2408 1401 2462 (λειμώνεσσι),
1428 2407 1660 2465 ἀργείλοφος

341 2478 390 2517 fr.
435 2479 510 2517 214
552 2473 769 2528 (κολώναν),
811 2473 1066 2525 βαθύκολπος
1108 2477 1146 2516 h.
1184 2481 1265 2528 pyt.
1305 2478 1386 2528 IX,
1428 2481 1500 2517 105
1542 2479 1658 2529 (γᾶς),
