1835 2968
981 181 1053 217 116

453 281 533 321 Hic
573 281 960 321 animadvertendum
999 284 1060 320 est
1098 282 1314 332 composita
1344 282 1558 332 possessiva
1583 294 1676 321 non-

351 360 564 397 numquam
603 348 660 386 ita
698 347 876 386 adhiberi
916 350 970 395 ut,
1004 346 1213 386 obliterata
1239 348 1424 386 nominali
1449 347 1677 397 posterioris

350 414 475 464 partis
515 416 669 462 natura,
709 412 939 462 significatio
978 411 1145 451 verbalis
1177 413 1366 463 paulatim
1398 414 1600 464 irrepsisse
1626 413 1677 452 vi-

352 480 509 519 deatur:
551 475 795 530 αὖτόφορτος
834 475 958 529 οἰκείᾳ
998 481 1095 529 σαγῇ
1121 479 1198 523 (cfr
1224 493 1262 529 p.
1293 483 1351 528 76,
1381 483 1483 524 111).
1536 479 1678 529 Neque

351 545 573 585 mirandum
612 548 683 593 est,
711 545 744 583 si
782 545 902 595 ipsius
942 544 1077 583 formae
1111 556 1200 583 cum
1230 544 1432 595 adjectivis
1458 545 1678 585 verbalibus

351 613 392 651 in
432 625 519 656 -τος
557 610 769 650 similitudo
810 610 1100 659 significationis
1137 612 1391 650 mutationem
1435 612 1578 661 effecit,
1622 613 1679 651 ita

352 682 397 718 ut
435 677 603 717 verbalis
641 677 941 726 intelligeretur:
986 676 1118 716 lastad
1155 677 1242 716 med
1271 690 1363 727 eyen
1382 679 1592 729 packniny,
1620 678 1678 718 cfr

353 741 491 789 ἔνθεος
516 740 634 794 Ἄρει,
660 742 854 790 τέχναισιν
880 743 1102 792 inspirerad
1127 744 1297 793 (yenom)
1323 757 1362 794 p.
1393 748 1451 783 79.

458 809 562 859 Quin
589 822 681 847 vero
709 810 827 847 etiam
853 809 939 858 ipsa
962 809 1080 858 stirps
1098 809 1303 847 nominalis
1321 808 1372 847 ad
1391 810 1679 849 similitudinem

354 877 532 926 stirpium
559 875 774 914 verbalium
801 887 1092 923 nonnumquam
1119 878 1270 913 mutata
1296 876 1346 914 sit
1371 877 1411 914 in
1439 876 1598 915 dubium
1617 878 1680 916 vix

353 941 485 980 vocari
511 944 657 991 potest:
687 938 944 987 κακομέλειος
970 936 1012 976 ἷά
1038 945 1092 990 (p.
1123 943 1231 989 100);
1264 940 1389 979 Dind:
1418 941 1535 980 malis
1561 955 1697 994 emm-l

356 1007 503 1046 tiandis
521 1009 730 1055 occupatus
752 1008 798 1045 “a
815 1004 995 1053 μέλομαι,
1015 1019 1093 1045 non
1111 1019 1136 1045 a
1152 1004 1292 1054 μέλος“
1316 1007 1420 1051 (vide
1438 1008 1512 1046 lex.
1528 1008 1678 1053 Dind.).
1710 1053 1723 1061 ,

356 1073 434 1113 Sed
474 1077 605 1111 tamen
636 1072 710 1111 hoc
742 1072 999 1121 compositum
1026 1072 1076 1110 ad
1102 1070 1220 1118 μέλος
1245 1072 1492 1122 referendum
1520 1086 1602 1112 esse
1629 1074 1681 1112 vi·

356 1139 482 1188 detur,
509 1139 565 1178 ita
583 1142 627 1178 ut
645 1138 696 1177 ad
714 1137 1004 1177 similitudinem
1023 1138 1158 1177 talium
1177 1138 1308 1188 qualia
1327 1143 1418 1178 sunt
1444 1136 1681 1187 ὄυσβάυκτος

355 1202 489 1249 (αὐδά)
529 1202 726 1254 ὂύσφατος
764 1200 952 1252 (κλαγγά),
998 1200 1217 1252 ιἐάγγελτος
1256 1201 1409 1255 (φάτις)
1447 1205 1580 1243 fictum
1619 1205 1679 1243 sit.

356 1271 492 1321 Atque
532 1271 588 1309 ita
627 1269 748 1309 multo
788 1269 925 1308 melius
958 1270 1138 1309 convenit
1162 1269 1219 1308 illi
1246 1266 1492 1321 κακοφάτιδα
1518 1267 1616 1318 βοάν
1640 1271 1681 1309 in

356 1337 493 1376 eodem
533 1350 646 1375 versu
685 1336 823 1385 posito.
878 1336 1028 1373 Eodem
1055 1335 1170 1374 modo
1197 1336 1314 1384 stirps
1341 1320 1545 1374 nominalis
1571 1349 1682 1374 voca-

355 1402 437 1441 buli
477 1398 663 1452 ὃμηγυρής
701 1401 752 1441 ad
792 1387 1081 1440 similitudinem
1120 1401 1223 1439 illius
1263 1400 1367 1450 quod
1400 1406 1459 1440 est
1498 1397 1682 1453 ὁμηγερής

357 1468 512 1514 (Hom.)
539 1471 690 1506 mutata
716 1471 785 1506 est.
