1835 2968
834 206 857 242 3

286 306 523 356 Priusquam
550 304 602 344 ad
627 295 779 354 singula
801 305 1187 344 determinativorum
1205 303 1508 354 compositorum

185 386 330 422 genera
355 371 586 422 exponenda
611 372 888 421 transgrediar,
916 385 995 411 non
1021 371 1191 409 alienum
1217 374 1277 409 est
1294 370 1343 409 de
1361 371 1428 409 illo
1446 384 1509 419 ge-

186 443 279 477 nere
306 437 528 487 copulative
555 437 1011 487 (dvandva-compositis)
1030 436 1200 475 breviter
1218 448 1347 485 agere.
1393 436 1509 488 Quod

186 517 307 553 genus
347 504 461 554 quale
500 505 551 543 sit
589 508 628 543 et
665 505 707 543 in
745 516 871 552 graeco
908 516 1085 543 sermone
1113 516 1231 553 quam
1257 503 1336 542 late
1361 507 1509 553 pateat,

187 573 371 609 accurate
411 571 646 609 examinavit
684 570 733 610 Gr.
771 570 909 620 Meyer
949 570 1045 620 (Die
1077 569 1511 608 dvandva·zusammen-

188 639 348 684 setzung
386 636 439 674 im
478 636 744 685 griechischen
770 636 850 675 und
877 636 1161 686 lateinischen).
1215 635 1426 686 Proprium
1452 639 1512 674 est

187 701 292 740 illius
331 702 482 750 generis
521 702 739 751 significare
779 701 876 741 duas
915 702 1102 751 notiones,
1144 715 1311 751 quarum
1343 705 1511 751 utraque

188 781 298 807 suam
329 769 449 817 ipsius
482 769 557 807 vim
583 768 740 818 plenam
766 769 1036 816 integramque
1061 768 1216 816 habeat,
1249 769 1307 806 ita
1331 772 1376 806 ut
1399 780 1512 806 voca-

188 833 323 872 bulum
350 834 605 883 compositum
630 834 671 872 in
698 846 738 872 se
766 833 863 872 duas
881 846 944 871 res
963 832 1280 883 comprehendat,
1299 845 1378 872 non
1396 833 1512 872 aliter

191 912 308 948 quam
335 900 368 937 si
394 900 666 949 conjunctione
693 900 914 949 copulativa
939 899 1129 946 colligatae
1157 900 1234 937 sint
1258 903 1391 949 partes
1410 912 1512 938 com-

190 965 317 1014 positi.
362 964 567 1014 Ejusmodi
594 965 808 1015 composita
834 964 907 1002 nisi
925 963 1031 1014 apud
1049 965 1284 1014 posteriores
1301 965 1513 1015 scriptores

189 1031 230 1068 in
264 1042 391 1079 graeco
425 1043 601 1069 sermone
627 1044 706 1070 non
731 1031 895 1069 inveniri
922 1031 1037 1070 docet
1061 1031 1210 1081 Meyer.
1264 1029 1401 1081 Atque
1422 1032 1513 1081 jure

190 1100 323 1135 monet
348 1096 444 1134 talia
469 1097 694 1146 composita,
715 1096 847 1146 qualia
864 1100 956 1135 sunt
980 1093 1242 1144 ἰατρόμαντις,
1269 1093 1513 1146 γρυπαίετος,

190 1162 232 1200 in
270 1174 410 1209 genere
450 1162 670 1211 copulativo
710 1174 788 1200 non
827 1161 1008 1201 ducenda
1033 1175 1128 1200 esse.
1181 1161 1288 1201 Nam
1319 1175 1403 1201 rem
1429 1162 1514 1201 dili-

191 1228 343 1276 gentius
382 1228 602 1277 inspicienti
634 1228 718 1266 haec
743 1229 959 1278 composita
984 1227 1191 1278 apparebit
1215 1241 1334 1267 unam
1360 1232 1514 1267 tantum

191 1294 388 1333 notionem
427 1293 768 1344 comprehendere,
808 1297 852 1333 ut
889 1290 1138 1350 ἰατρόμαντις
1172 1307 1293 1333 unum
1319 1294 1515 1333 hominem

191 1359 392 1407 significet,
432 1359 574 1398 similia
612 1359 727 1397 simili
765 1359 891 1398 modo.
946 1359 1024 1398 Sed
1063 1362 1194 1397 tamen
1232 1359 1290 1398 illi
1321 1359 1514 1399 dvandva·

192 1425 492 1475 compositorum
532 1425 665 1474 generi
701 1424 870 1474 quodam
895 1424 1010 1464 modo
1037 1425 1176 1464 similia
1202 1429 1302 1465 sunt.
1354 1425 1514 1465 Etenim

192 1492 274 1541 ejus
302 1504 418 1540 quam
446 1490 783 1540 comprehendunt
811 1491 979 1529 notionis
1005 1492 1166 1540 propria
1192 1495 1348 1541 sumpta
1373 1496 1465 1530 sunt
1489 1505 1515 1530 a

192 1556 344 1595 duabus
371 1556 604 1605 notionibus,
636 1569 803 1606 quarum
829 1560 995 1605 utraque
1021 1570 1070 1595 ex
1094 1560 1208 1606 parte
1233 1558 1274 1595 in
1301 1558 1515 1607 composito

191 1622 295 1661 insit.
350 1621 477 1672 Quam
509 1621 559 1660 ob
585 1634 668 1660 rem
695 1618 946 1671 ἰατρόμαντις
972 1621 1165 1670 significat
1191 1636 1280 1662 eum
1307 1624 1516 1672 hominem,

194 1688 262 1738 qui
288 1701 336 1727 ex
361 1691 473 1738 parte
501 1687 683 1737 medicus,
711 1700 760 1726 ex
768 1690 890 1737 parte
909 1691 1016 1727 vates
1034 1689 1094 1737 sit,
1114 1688 1152 1727 h.
1171 1702 1205 1728 e.
1225 1689 1336 1740 cujus
1353 1689 1518 1740 propria

193 1756 338 1804 partim
356 1754 405 1793 ab
425 1751 560 1802 ἱατρός
577 1755 720 1803 partim
738 1767 763 1793 a
780 1751 918 1801 μάντις
936 1758 1090 1804 sumpta
1108 1756 1203 1803 sint3
1222 1752 1519 1805 ἱππαλεκτρυών

194 1820 386 1868 significat
425 1832 510 1859 eam
548 1819 715 1868 beluam,
756 1832 842 1868 quae
882 1823 922 1858 et
960 1821 1051 1869 equi
1090 1824 1131 1859 et
1168 1820 1261 1869 galli
1293 1820 1428 1859 similis
1455 1820 1517 1869 sit,

195 1886 409 1936 eademque
441 1887 593 1926 ratione
619 1889 751 1925 cetera
776 1885 949 1935 ejusdem
975 1889 1138 1935 generis.
1193 1887 1310 1938 Quod
1335 1891 1380 1926 ut
1404 1887 1519 1935 signi-

194 1952 343 2000 ficaret,
385 1965 526 1991 novum
553 1952 782 1991 vocabulum
813 1952 1041 2000 “partitiva“
1069 1952 1223 1991 induxit
1248 1952 1456 2001 Udolphus
1473 1953 1519 2001 ι).

196 2018 303 2058 Huic
341 2017 628 2069 interpretandi
665 2017 807 2056 rationi
847 2030 925 2056 non
951 2019 1163 2058 assentitur
1190 2018 1340 2070 Meyer.
1393 2015 1460 2057 Ac
1486 2018 1520 2057 si

196 2086 395 2134 quaeritur,
435 2088 603 2133 utraque
639 2083 842 2133 compositi
872 2096 965 2132 pars
992 2097 1084 2122 num
1111 2097 1223 2134 aequo
1245 2086 1336 2135 jure
1362 2085 1520 2122 fruatur

196 2162 244 2189 ac
269 2162 404 2200 parem
430 2153 583 2200 partem
609 2149 813 2199 potestatis
839 2161 919 2187 suae
944 2150 1128 2200 amiserit,
1157 2150 1231 2190 hoc
1256 2149 1374 2201 plane
1400 2152 1521 2198 negat

195 2216 313 2267 idque
353 2220 462 2256 tenet
490 2216 668 2255 omnibus
692 2216 734 2255 in
760 2215 958 2255 vocabulis
984 2217 1205 2268 copulando
1227 2218 1375 2268 junctis
1401 2229 1519 2255 unam

197 2286 362 2334 partem,
389 2283 570 2322 libertate
597 2283 750 2331 amissa,
777 2282 849 2321 sub
876 2282 1037 2322 alterius
1062 2287 1298 2333 potestatem
1315 2282 1451 2332 redigi,
1476 2285 1521 2320 ut

197 2363 337 2391 munus
377 2349 662 2390 determinandi
701 2350 896 2401 suscipiat.
949 2349 1163 2391 Notionem
1198 2351 1454 2402 principalem
1480 2350 1521 2388 in

303 2494 332 2533 ¹)
354 2493 600 2527 Dvandva-zus.
622 2503 654 2534 p.
675 2493 726 2527 24.
