1835 2968
843 211 891 246 67

208 312 413 361 ρᾶεεαόιιᾱ,
459 312 526 351 der
568 309 713 359 mycket
756 309 906 360 offras)‚
952 322 1050 348 nem.
1091 308 1190 357 VII,
1230 309 1280 347 47
1318 308 1521 358 (πομπαῖς

209 376 590 428 mdnyofferqfester).

310 444 442 494 Hujus
479 442 631 492 generis
670 442 882 491 composita
920 441 970 480 ad
1010 442 1164 479 nomina
1202 453 1273 479 sua
1302 440 1358 478 ita
1383 439 1519 489 adjun-

208 514 364 559 guntur,
404 513 449 547 ut
485 507 677 558 posterior
720 507 922 556 compositi
958 519 1050 556 pars
1088 505 1278 554 significet
1314 505 1516 553 actionem,

208 576 319 625 cujus
358 574 585 623 subjectum,
626 571 730 621 quod
768 572 890 621 ajunt,
929 572 1037 621 prior
1075 584 1166 621 pars
1198 572 1258 609 sit.
1313 570 1361 608 Id
1388 574 1518 609 autem

208 640 447 687 vocabulum,
488 638 539 677 ad
577 637 681 688 quod
720 637 890 676 refertur
922 638 1186 686 compositum,
1213 635 1418 685 significat,
1441 648 1517 685 quo

207 711 381 758 tempore
420 705 480 744 vel
520 717 596 754 quo
629 704 715 743 loco
741 703 802 742 vel
828 716 904 753 quo
930 704 1185 742 instrumento
1211 702 1272 741 vel
1297 715 1376 752 qua
1400 714 1519 741 causa

207 774 308 812 actio
335 772 415 810 fiat.
469 770 542 809 Oui
573 771 715 808 rationi
741 769 860 808 verba
884 768 1143 807 transferendi
1170 781 1247 806 non
1273 768 1369 806 nihil
1395 768 1517 806 simile

206 841 337 877 noster
363 848 489 875 sermo
515 834 649 873 habet:
677 834 846 873 sittande
866 834 988 882 plats,
1022 834 1080 871 lek
1113 834 1183 881 (μὶ
1208 833 1274 874 hv„
1301 834 1316 870 i
1342 833 1399 871 hv.
1426 846 1529 871 mom>

206 904 336 953 δέδιεν)
362 901 439 951 (cfr
465 901 561 939 Eur.
581 900 728 939 Phoen.
749 903 839 939 293:
868 900 1087 948 γονυπετεῖς
1112 896 1227 946 ἕδρας
1244 899 1517 946 (knc'ifallande

206 967 414 1018 sto'illniny)
433 963 661 1015 προσπίτνω
680 966 727 1012 σ’,
746 962 871 1015 ἄναξ),
890 965 1047 1003 εἰᾶεηᾶε
1058 965 1181 1012 plats,
1199 965 1345 1012 yriende
1362 965 1517 1013 middaq

207 1033 345 1082 (under
384 1032 443 1070 hv.
482 1045 572 1070 man
609 1032 713 1082 yfir),
756 1032 910 1070 lidande
932 1031 1037 1079 ρᾶηρ
1070 1032 1219 1080 (qenom
1246 1030 1303 1068 hv.
1331 1031 1394 1069 det
1421 1031 1518 1069 lider

201 1098 382 1149 ΐνανηᾶτ),
423 1098 546 1136 multa
584 1098 755 1147 ejusdem
795 1099 957 1146 generis.
1012 1097 1053 1136 Si
1085 1097 1273 1146 quaeritur
1298 1109 1376 1146 quo
1401 1097 1516 1139 modo

204 1165 273 1203 illa
309 1176 437 1212 graeca
476 1164 689 1213 composita
723 1164 894 1202 suethice
920 1162 1214 1212 interpretanda
1241 1163 1328 1210 sint,
1356 1167 1518 1212 possunt

204 1243 297 1269 sane
323 1230 522 1268 sententiis
547 1230 716 1268 relativis
743 1230 896 1268 dissolvi
916 1242 961 1267 eo
980 1229 1105 1277 modo,
1126 1241 1238 1278 quem
1258 1241 1377 1278 supra
1401 1229 1515 1277 signi-

203 1296 326 1345 ficavi.
381 1295 470 1345 Qua
508 1297 546 1333 in
586 1309 629 1333 re
668 1296 806 1334 similia
844 1300 934 1334 sunt
959 1295 1126 1345 quodam
1154 1294 1268 1333 modo
1294 1286 1515 1345 compositis

203 1361 440 1411 possessivis:
482 1357 698 1409 ἆμβλωπὸς
722 1359 809 1409 βίος
840 1366 894 1399 εει
923 1361 975 1408 lif
996 1361 1118 1399 under
1142 1362 1255 1410 (sivez
1284 1362 1298 1398 i
1320 1360 1426 1409 foljd
1449 1360 1514 1412 af)

201 1427 258 1465 hv.
287 1427 431 1465 blieken
459 1427 596 1474 blifver
622 1428 692 1473 316,
734 1426 1009 1476 μεγιστόπολις
1034 1427 1106 1465 den
1130 1439 1264 1474 qenom
1289 1427 1348 1465 hv.
1375 1427 1512 1465 staden

203 1491 340 1538 blifver
373 1496 471 1530 θέον.
525 1492 601 1531 Sed
635 1506 923 1542 nonnumquam
950 1494 1141 1542 posterior
1167 1505 1259 1543 pars
1286 1493 1429 1530 nomini
1455 1492 1511 1530 illi

201 1559 282 1596 sine
309 1558 562 1597 translatione
589 1559 774 1608 adjuncta
800 1571 882 1597 esse
908 1559 1069 1607 cogitari
1096 1562 1234 1608 potest,
1261 1560 1317 1597 ita
1342 1563 1387 1597 ut
1403 1559 1511 1608 prior

200 1636 292 1673 pars
318 1623 564 1673 praedicative
592 1625 650 1663 vel
673 1625 951 1664 adverbialiter
969 1629 1137 1674 ponatur
1155 1625 1215 1663 vel
1234 1626 1349 1664 etiam
1369 1624 1509 1674 objecti

199 1703 337 1729 munus
355 1691 558 1730 sustineat:
587 1692 825 1742 δακρυοπετῆ
852 1688 990 1728 πάθεα
1011 1690 1189 1729 lidanden
1208 1704 1289 1730 som
1308 1692 1510 1740 (strbmma

199 1761 243 1795 ut
285 1757 430 1807 sdsom)
471 1770 518 1805 ⁵qe
557 1758 616 1805 εἰς
655 1757 808 1805 uttryck
847 1759 861 1794 z·
901 1758 1021 1803 τᾶγαν,
1061 1755 1385 1805 δακρνσίστακτον
1422 1755 1510 1806 ῥέος

197 1823 248 1869 af
284 1823 394 1861 ἰᾶναν
423 1822 601 1868 Ῑίὂάανιᾶθ
626 1825 757 1869 Striim,
783 1821 1034 1871 χρυσόρρυτον
1059 1825 1159 1870 νᾶμα
1184 1823 1272 1870 flod,
1300 1834 1381 1861 som
1409 1823 1510 1861 later

194 1888 292 1937 yuld
329 1890 513 1926 stromma
531 1889 574 1937 ¹).
629 1888 733 1939 Quin
766 1889 882 1927 etiam
908 1889 1001 1928 licet
1026 1902 1073 1927 ex
1099 1889 1371 1938 conjunctione
1397 1901 1508 1927 voca-

196 1954 376 1992 bulorum
416 1954 629 2003 composita
666 1955 722 1992 ita
759 1954 915 2002 fingere,
957 1959 1001 1993 ut
1039 1967 1130 2004 pars
1168 1955 1360 2004 posterior
1393 1956 1506 2003 graeci

197 2020 398 2069 compositi
437 2020 591 2058 nomine
630 2020 791 2059 actionis
830 2021 1001 2059 suethice
1027 2021 1230 2060 reddatur:
1266 2021 1507 2059 tdrestriims-

197 2085 388 2131 Iidandm,
416 2085 755 2134 oxoffrinqsfester.
797 2087 1049 2136 Quocumque
1068 2086 1182 2125 modo
1201 2087 1372 2126 suethice
1390 2088 1507 2126 inter-

195 2155 406 2201 pretamur,
446 2164 575 2200 graeca
611 2152 679 2190 illa
717 2154 931 2202 composita
968 2165 1054 2192 cum
1095 2152 1312 2191 nominibus
1350 2154 1429 2192 suis
1455 2153 1506 2192 ad

195 2230 312 2255 unum
339 2221 420 2256 tam
446 2222 531 2256 arte
557 2218 719 2256 confusa
746 2219 935 2266 videntur,
963 2224 1017 2267 ut,
1045 2232 1144 2267 quae
1168 2220 1267 2257 ratio
1286 2224 1389 2258 esset
1404 2220 1506 2258 inter

193 2286 338 2332 partes,
367 2295 453 2321 non*
470 2283 585 2333 plane
611 2284 903 2332 intelligeretur.

295 2347 443 2385 Tamen
481 2349 531 2385 ad
570 2349 838 2386 illustrandam
877 2362 962 2386 eam
1001 2361 1086 2396 quae
1128 2354 1188 2386 est
1229 2351 1330 2387 inter
1373 2355 1504 2398 partes

193 2412 382 2453 rationem
407 2425 484 2453 non
512 2412 679 2454 alienum
705 2416 765 2454 est
782 2426 1009 2466 comparare
1026 2414 1122 2456 talia
1139 2416 1352 2467 composita
1370 2414 1502 2468 qualia

297 2507 324 2543 ¹)
343 2504 398 2536 Cfr
419 2506 497 2538 Cius,
518 2506 658 2537 Grekisk
677 2507 803 2546 Syntax
824 2509 840 2544 5
861 2507 901 2537 33
921 2516 1009 2538 anm.
1033 2509 1063 2539 3.
