1835 2968
764 211 832 247 121

139 310 348 352 Olemmius
387 312 520 348 censet
558 312 599 348 et
636 309 731 349 talia
769 308 900 359 qualia
931 314 1023 350 sunt
1052 306 1224 358 ἰσόθεος,
1251 307 1453 362 ἶσάργυρος

101 423 105 428 1
137 379 440 427 interpretatur:¹
466 375 675 423 yleichsam
701 376 763 413 ein
793 375 900 422 Gott,
919 376 1135 425 'gleichsam
1163 375 1300 416 sicher.
1352 377 1452 417 Haec

137 448 270 484 tamen
309 441 409 480 ratio
447 439 731 490 interpretandi
770 440 1015 480 artificiosior
1052 441 1206 481 videtur
1245 456 1292 482 ac
1329 444 1452 483 multo

138 510 267 561 aptius
292 511 353 547 est
377 503 579 557 ἰσάργυρον
603 506 774 558 (κηκῖδα)
798 507 1064 558 interpretari:
1093 520 1173 548 som
1197 509 1274 559 ydr
1300 510 1314 548 i
1338 510 1454 550 vcirde

139 588 217 625 upp
243 577 341 613 emot
366 572 514 620 silfver,
540 577 587 612 ut
611 569 844 617 ἶσοκίνδυνος
868 573 1009 617 (Thuc.
1030 574 1102 623 VI,
1123 577 1189 620 34)
1215 576 1311 615 nihil
1332 577 1452 625 aliud,

140 640 269 689 credo,
310 638 503 688 significat
540 650 658 688 quam
683 650 806 677 vuxen
827 637 951 686 faran
976 639 1054 685 (cfr
1080 640 1198 692 Soph.
1227 641 1275 682 O.
1302 642 1351 682 R.
1379 645 1453 682 845

140 700 196 752 εἷς
221 719 263 755 γε
288 706 373 749 τοῖς
398 704 559 748 πολλοῖς
581 700 697 749 Tang).

242 781 349 820 Mira
376 779 555 830 quaedam
581 780 681 819 ratio
707 780 870 819 interest
886 780 988 819 inter
1005 785 1138 830 partes
1156 783 1333 822 vocabuli
1351 784 1456 833 quod

140 852 199 888 est
237 843 522 896 κρεισσότεκνος
560 849 656 896 sept.
699 849 772 884 784
810 852 923 891 (κ-ων
955 842 1139 894 ὀμμάτων
1154 850 1187 894 ¹)
1225 846 1457 902 ἐπλάγχθη).

141 913 342 953 Posterior
382 912 483 950 enim
522 924 614 962 pars
646 912 821 960 genetivo
854 914 1166 963 comparationis,
1194 927 1308 969 quem
1325 916 1457 966 ajunt,

141 978 352 1030 respondet
377 978 522 1028 (blittre
548 981 599 1016 lin
628 979 803 1029 barnem),
836 979 946 1030 cujus
967 979 1091 1019 simile
1109 994 1343 1031 quamquam
1362 981 1460 1021 nihil

142 1046 298 1088 omnino
335 1044 453 1083 credo
489 1057 572 1082 esse
605 1045 646 1082 in
672 1057 798 1092 graeco
824 1058 1011 1094 sermone,
1039 1050 1169 1084 tamen
1194 1046 1245 1085 ab
1271 1046 1460 1097 Aeschyli

141 1112 182 1150 in
208 1109 335 1150 verbis
360 1109 548 1149 novandis
574 1109 741 1149 audacia
766 1123 844 1149 non
869 1110 985 1160 plane
1011 1111 1208 1151 abhorret.

244 1187 345 1226 Haec
384 1187 501 1234 igitur
541 1187 765 1236 composita,
805 1199 892 1236 quae
930 1187 980 1226 ab
1019 1187 1219 1237 adjectivis
1256 1188 1459 1238 incipiunt,

143 1267 167 1293 a
191 1253 382 1304 principio
410 1251 708 1292 determinativa
733 1252 793 1291 vel
819 1254 1034 1303 possessiva
1052 1253 1168 1293 fuisse
1187 1258 1227 1293 et
1244 1255 1460 1304 posteriore

143 1320 297 1358 demum
338 1322 454 1357 aetate
492 1318 544 1356 ad
582 1331 704 1366 genus
730 1318 997 1368 dependentiae
1023 1321 1222 1359 transiisse
1250 1320 1460 1359 Clemmius

143 1397 262 1434 quum
301 1383 470 1433 probare
510 1387 686 1432 conatur,
725 1397 1015 1434 nonnumquam
1041 1385 1097 1432 fit,
1125 1389 1169 1424 ut
1193 1385 1245 1424 ad
1270 1386 1460 1435 interpre-

144 1450 310 1489 tationes
339 1448 496 1499 putidas
527 1460 574 1487 ac
600 1448 863 1488 subabsurdas
888 1450 1105 1499 perveniat3
1133 1454 1178 1490 ut
1199 1450 1248 1489 de
1274 1446 1460 1501 ἦδὺπολις

145 1515 331 1555 vocabulo
350 1515 469 1565 Soph.
490 1515 537 1555 Ο.
556 1515 605 1554 R.
627 1518 717 1554 509:
745 1515 889 1561 ”Oed.’'‚
915 1517 1052 1565 inquit,
1079 1516 1292 1555 ”bewdhrte
1311 1517 1393 1555 sich
1418 1517 1459 1555 in

145 1582 212 1621 der
236 1582 336 1620 That
354 1581 522 1621 nachher
540 1582 604 1620 als
622 1582 736 1630 einer,
751 1582 834 1620 dem
848 1582 909 1620 die
923 1581 1038 1620 Stadc
1053 1582 1127 1621 lieb
1142 1583 1204 1621 ist.
1243 1582 1365 1621 Wenn
1378 1582 1461 1622 sich

145 1648 238 1686 aber
262 1648 349 1686 Oed.
370 1648 433 1686 als
451 1649 564 1694 einer,
591 1648 659 1686 der
676 1648 736 1686 die
755 1646 870 1686 stadt
890 1647 963 1686 lieb
981 1647 1060 1690 hat,
1079 1648 1159 1686 dem
1179 1648 1240 1687 die
1259 1648 1374 1687 Stadt
1392 1662 1460 1687 an-

143 1713 302 1763 yenehm
320 1715 383 1759 ist,
405 1714 606 1759 bewdkrte,
626 1727 669 1753 so
687 1726 771 1753 war
788 1728 830 1753 er
846 1714 945 1753 auch
962 1713 1029 1753 der
1048 1712 1164 1752 Stadt
1175 1714 1459 1763 anyenehmm).

146 1780 225 1819 Sed
251 1784 295 1818 ut
319 1780 359 1818 id
386 1781 561 1819 omittam
588 1793 658 1829 per
684 1781 808 1829 ipsam
834 1779 1151 1828 significationem
1170 1792 1460 1829 nonnumquam

146 1845 295 1884 nullum
323 1858 405 1884 esse
425 1845 552 1884 locum
571 1849 641 1884 aut
658 1845 962 1897 determinativae
980 1848 1050 1883 aut
1066 1845 1287 1894 possessivae
1305 1845 1460 1893 rationi,

146 1914 278 1949 tamen
296 1912 511 1961 posteriore
530 1914 644 1950 aetate
663 1910 920 1961 (temporibus
938 1910 1275 1961 Aristophanis⁸))
1301 1910 1462 1959 regendi

146 1977 337 2016 rationem
363 1977 493 2021 valere
519 1977 701 2028 potuisse,
730 1980 824 2025 tum,
852 1989 971 2027 quum
996 1976 1252 2026 fingebantur,
1285 1989 1364 2016 non
1395 1989 1464 2027 po-

147 2044 277 2093 tuisse,
311 2045 408 2083 nihil
435 2057 526 2083 sane
554 2048 614 2082 est
639 2056 710 2082 cur
737 2043 952 2082 credamus.
1005 2043 1107 2082 Sunt
1132 2044 1233 2081 enim
1260 2043 1375 2093 hujus
1401 2056 1463 2091 ge-

148 2110 252 2147 neris
291 2111 402 2159 quasi
440 2109 596 2149 fictores
634 2108 855 2159 Aeschylus
885 2111 925 2147 et
954 2107 1151 2147 Pindarus
1175 2130 1227 2136 —
1251 2112 1312 2147 est
1343 2120 1463 2147 unum

86 2205 88 2207 .
147 2174 253 2224 apud
280 2174 498 2215 Homerum
524 2174 757 2224 exemplum:
786 2169 958 2217 ἰσόθεος.
1002 2174 1137 2222 Atque
1164 2172 1215 2212 ad
1241 2173 1463 2212 audendum

147 2240 240 2280 licet
279 2253 376 2291 opus
407 2241 528 2279 fuerit
553 2240 691 2279 horum
717 2243 921 2289 poetarum
948 2242 1059 2279 tanta
1083 2239 1124 2277 in
1148 2239 1337 2288 fingendis
1362 2251 1465 2278 com-

252 2393 279 2430 ¹)
300 2392 414 2425 Hem.
438 2394 652 2433 n11960·ce'nmum.

252 2443 278 2483 ²)
300 2443 337 2476 P.
358 2445 408 2476 92.

252 2495 281 2533 ⁸)
302 2493 360 2526 Cfr
380 2504 412 2536 p.
434 2495 484 2528 91.

1300 2555 1340 2588 14
