1835 2968
953 274 1027 313 148

325 373 576 429 ἀεθλοφόρου
615 373 784 429 λήματος
822 376 911 416 mod
947 375 1128 415 kvamed
1163 387 1254 414 man
1283 375 1418 415 vinna·
1446 387 1564 424 seqer.
1590 374 1641 414 ol.
1692 367 1712 435 ¹,

325 443 456 492 XIII,
487 446 534 483 14
566 440 776 494 νικαφόρον
805 439 967 491 ἀγλαΐαν
988 442 1070 489 fest
1092 441 1159 488 fiir
1184 453 1341 489 seqcrns
1365 441 1566 485 vinnande,
1593 441 1641 479 fr.

326 511 400 547 205
425 507 663 558 βουπομπὸς
689 505 806 557 ἑορτά
832 506 1210 557 omoeusion-esest,
1237 520 1336 547 nem.
1363 507 1438 557 VI,
1469 509 1516 547 41
1551 520 1643 545 ται·-

325 572 481 625 ροφόνῳ
507 574 715 626 τριετηρίδι
742 573 1029 623 ᾔανεῖαρίεϊεει
1054 574 1166 612 honre
1185 574 1306 622 tredje
1322 574 1380 620 ἄν,
1401 586 1500 612 nem.
1519 573 1643 621 VIII,

327 641 372 677 31
415 636 687 690 πολυφθόροις
726 636 891 690 ἁμέραις
922 639 998 688 day
1024 638 1083 688 pa
1108 639 1166 678 hv.
1193 651 1284 678 man
1308 638 1463 689 slaytar
1488 638 1643 689 πιμελή,

325 705 375 744 01.
407 705 528 755 VIII,
557 708 604 745 35
632 704 924 755 πτολιπόρθοις
948 701 1095 753 μάχαις
1118 705 1474 751 stadsfiirstiirande
1491 705 1643 756 strider,

326 771 375 809 fr.
399 774 470 809 137
489 767 775 822 ἀλλαλοφόνους
792 768 932 821 λόγχας
954 771 1091 809 lansar
1110 771 1195 810 med
1212 771 1269 810 hv.
1287 783 1378 810 man
1395 770 1518 811 dodar
1534 771 1644 810 lovar-

326 837 465 883 αηᾶνα,
493 842 573 889 pyt.
600 837 707 887 XII,
735 840 785 878 24
809 834 1010 876 λαοσσόων
1035 834 1191 887 ἀγώνιον
1214 837 1467 887 folkeyyande
1489 839 1643 877 strider.

430 903 530 941 Haec
569 903 713 942 talibus
744 904 967 953 compositis
994 903 1128 942 utendi
1154 904 1313 943 libertas
1339 902 1444 954 apud
1471 904 1644 955 Aeschy-

326 968 408 1007 lum
447 982 563 1019 quam
602 969 707 1019 apud
746 969 963 1008 Pindarum
1002 970 1123 1008 multo
1155 970 1270 1009 latius
1300 971 1437 1020 patuit.
1491 970 1569 1009 Sed
1595 984 1644 1008 ne

327 1037 419 1072 ante
446 1034 517 1073 hos
535 1034 693 1084 quidem
710 1035 827 1085 plane
845 1035 978 1084 ignota
996 1038 1072 1074 est:
1102 1034 1201 1074 Hes:
1229 1031 1397 1083 βουδόρα
1424 1030 1549 1086 ἤματα
1576 1048 1642 1075 ox-

325 1100 673 1151 pldqnfflysdaqm,
689 1098 919 1149 ἀνδρογόνος
932 1099 1054 1152 ἡμέρα
1073 1102 1150 1150 clay
1161 1102 1220 1149 pti
1237 1102 1295 1139 hv.
1306 1101 1517 1149 qossebarn
1531 1103 1643 1147 allas.

429 1166 493 1216 Ex
531 1167 578 1204 iis
617 1179 704 1216 quae
744 1166 857 1205 attuli
896 1167 1010 1218 hujus
1041 1167 1306 1206 translationis
1337 1166 1521 1218 exemplis
1554 1167 1646 1207 licet

328 1232 458 1272 videre
483 1246 646 1283 prorsus
673 1233 834 1272 eandem
867 1235 1068 1281 rationem,
1102 1246 1216 1284 quam
1245 1234 1407 1272 vidimus
1438 1234 1644 1282 significari
1675 1271 1681 1279 ,

326 1299 373 1336 iis
412 1300 645 1349 compositis,
686 1312 851 1349 quorum
884 1312 976 1349 pars
1008 1299 1202 1349 posterior
1232 1300 1423 1350 passivam
1451 1300 1645 1348 (intransi-

326 1365 462 1416 tivam)
502 1366 576 1404 vim
616 1365 735 1404 habet
773 1365 850 1415 (cfr
888 1379 925 1415 p.
967 1368 1015 1403 66
1054 1367 1168 1414 sqq.)‚
1208 1366 1324 1410 etiam
1356 1367 1403 1404 iis
1438 1366 1645 1413 significari

327 1441 451 1479 posse,
491 1442 658 1480 quorum
697 1443 789 1481 pars
828 1431 1021 1480 posterior
1053 1431 1218 1470 activam
1247 1430 1365 1470 habet
1390 1432 1476 1470 vim.
1531 1432 1645 1482 Quod

327 1508 446 1545 quum
487 1497 543 1535 ita
580 1497 642 1545 sit,
683 1497 796 1535 facile
829 1496 993 1545 intelligi
1025 1500 1163 1546 potest,
1192 1509 1262 1535 cur
1282 1510 1407 1542 ¹unum
1435 1498 1645 1536 alterumve

327 1574 405 1600 non
445 1563 539 1601 satis
577 1566 729 1601 constet
767 1566 897 1601 utrum
937 1575 985 1600 ex
1017 1562 1091 1600 hac
1124 1574 1173 1600 an
1201 1576 1249 1601 ex
1275 1562 1343 1601 illa
1369 1563 1646 1611 significatione

327 1632 455 1666 ortum
481 1628 698 1677 putandum
725 1629 785 1666 sit.
840 1627 980 1676 Neque
1007 1640 1135 1677 operae
1161 1621 1330 1677 pretium
1357 1633 1416 1667 est
1439 1628 1644 1678 ambigere,

326 1697 458 1732 utrum
501 1695 628 1733 verius
672 1694 722 1733 sit
753 1692 899 1732 dicere:
939 1689 1139 1740 βοινόμος,
1178 1689 1410 1742 ἅνθονόμος,
1450 1698 1647 1744 παρθενο-

327 1757 489 1810 σφάγος,
508 1757 737 1809 χειροτόνος,
751 1757 1008 1808 χοιροκτόνοις,
1024 1772 1090 1797 an:
1104 1757 1303 1807 βοώόμος,
1320 1758 1649 1811 ιἰαρθενόσφαγος

327 1830 368 1866 et
392 1830 534 1866 cetera.
589 1826 638 1866 Id
664 1830 817 1866 tantum
843 1825 1089 1881 perspicuum
1122 1829 1182 1865 est
1214 1829 1418 1876 utramque
1458 1827 1646 1866 rationem

327 1893 492 1932 valuisse
532 1897 572 1932 et
610 1894 693 1931 sine
734 1892 853 1930 dubio
886 1891 970 1929 fieri
1003 1892 1141 1940 potuit,
1169 1895 1213 1929 ut
1238 1904 1286 1929 ne
1314 1891 1464 1930 Graecis
1491 1891 1646 1940 quidem

327 1958 419 2004 ipsis
446 1958 561 2008 plane
588 1961 799 2009 appareret
824 1956 875 1996 ad
902 1959 1030 1995 utram
1057 1957 1247 1996 rationem
1274 1957 1527 2008 compositum
1547 1961 1648 1997 esset

327 2025 588 2072 referendum,
617 2036 852 2074 quamquam
879 2036 971 2061 sane
989 2024 1117 2062 activa
1134 2024 1235 2061 ratio
1255 2024 1376 2061 multo
1395 2023 1511 2062 latius
1530 2036 1645 2072 quam

327 2090 481 2139 passiva
507 2089 660 2128 videtur
686 2088 869 2139 patuisse.

431 2234 564 2272 Unum
604 2233 859 2283 compositum
900 2231 1119 2282 Aeschylus
1157 2231 1213 2269 ita
1243 2229 1365 2278 finxit,
1393 2234 1438 2269 ut
1462 2229 1538 2281 adj.
1566 2242 1648 2269 ver-

327 2300 414 2340 bale
459 2300 621 2351 passivae
666 2298 955 2348 significationis
995 2299 1165 2348 positum
1204 2298 1244 2336 in
1281 2300 1394 2347 parte
1432 2298 1647 2346 posteriore

327 2368 498 2416 priorem
537 2369 689 2415 partem
729 2365 769 2402 in
809 2375 901 2402 casu
933 2364 1109 2412 genetivo
1140 2365 1267 2411 regat:
1297 2359 1560 2413 πατροστερής
1586 2362 1659 2401 ch.-

327 2435 402 2472 253
429 2432 522 2483 (rr-51
548 2427 694 2480 γόνον),·
720 2430 780 2469 cfr
807 2429 930 2479 Soph:
957 2425 1168 2480 βιοστερής.

715 2565 1261 2588 &strowe——
