1835 2968
947 216 996 257 92

311 323 370 368 77,
398 316 579 369 δύσφρων
603 319 652 358 al.
681 319 731 359 ol.
760 311 818 368 II,
846 322 904 358 57·
921 317 1128 371 (παραλύει
1155 317 1295 374 δοόνων
1310 322 1374 371 ι)),
1393 317 1553 372 ἔμφρων
1577 318 1628 360 al.

309 385 359 425 ol.
400 384 482 434 IX,
521 389 584 434 80,
604 401 606 405 >
625 381 776 436 εὔφρων
813 385 850 424 h.
891 385 940 425 01.
973 385 1031 435 ΙΙ,
1064 388 1126 435 40,
1168 383 1358 438 πρόφρων
1381 385 1420 425 h.
1446 389 1526 436 pytz
1553 385 1628 436 IV,v

311 454 396 501 191,
435 447 620 502 ὗψίφρων
655 454 735 502 pyt.
763 451 824 501 II,
850 454 896 490 51
931 452 1127 502 (βροτῶν),
1167 447 1336 500 εὔθυμος
1360 451 1398 491 h.
1425 451 1474 492 01.
1502 451 1553 501 V,
1575 455 1630 491 22

309 517 474 569 (γῆρας),
513 513 742 566 ὑπέρθυμος
779 517 818 556 h.
850 518 949 557 istm.
984 517 1083 566 VII,
1116 520 1177 567 55,
1217 514 1418 565 τλάθυμος
1439 521 1501 568 pt.
1529 525 1628 558 noma

309 584 368 634 II,
411 585 458 622 15
497 579 644 633 (ἀλκά),
683 582 731 622 f-r.
760 585 834 622 258
871 579 1010 634 (κύνα),
1037 579 1221 635 δισμενής
1245 583 1284 623 h
1310 587 1389 635 pyt.
1418 582 1541 631 VIII,
1570 585 1629 632 10,

310 662 409 689 nem.
450 649 531 699 IX,
573 651 633 698 38,
674 644 830 701 εὐμενής
868 649 906 688 h.
941 651 990 690 ol.
1018 648 1140 699 XIV,
1176 652 1248 699 16,
1275 645 1434 701 ζαμενής
1468 649 1509 688 h.
1547 652 1669 724 pyt.

310 717 385 766 IV,
427 719 486 765 10,
526 711 739 766 ὑπερμενής
774 715 810 754 h.
845 715 892 754 fr.
923 718 1007 765 179,
1039 711 1260 767 μεγαλήτωρ
1286 715 1324 755 h.
1351 715 1451 755 istm.
1479 714 1631 765 IV,-38

287 806 289 809 <
310 778 461 833 (ὀργαί)
479 778 697 833 πραύμητις
711 782 760 822 01.
775 781 851 831 VI,
864 777 1146 833 42(Ἐλευθώ),
1161 776 1325 832 ὀψίνοος
1337 785 1394 833 pt.
1408 785 1496 833 pyt.-
1502 781 1553 832 V,
1569 782 1629 822 28.

413 849 545 900 Hujus
582 849 734 897 generis
774 849 989 899 composita
1020 848 1071 887 ad
1103 861 1165 887 res
1196 857 1299 899 saepe
1324 848 1631 889 transferuntur:

311 916 390 955 Ae:
418 911 619 966 δαϊόφρων
642 911 1016 966 (γόος),-δολιόφρων
1033 913 1198 962 (ποινά),
1217 910 1421 966 εὐθύφρων
1439 912 1631 964 (πομποί),

310 978 517 1033 κακόφρων
533 978 742 1028 (μέριμνα),
762 978 958 1032 κενόφρων
975 977 1259 1029 (βουλεύματα),
1274 977 1445 1032 οἰόφρων
1457 980 1631 1031 (πέτρα),

311 1043 507 1098 ὠμόφρων
532 1042 739 1096 (σίδαρος),
763 1042 899 1098 ἄφρων
916 1043 1057 1099 (λύμη),
1077 1043 1256 1098 δύσφρων
1273 1043 1454 1097 (στύγος),
1474 1044 1632 1099 ἔμφρων

310 1108 465 1163 (φωνή),
502 1107 714 1163 ὖπέρφρων
746 1115 896 1163 (σῆμα),
936 1109 1146 1163 κουφόνους
1183 1109 1366 1164 (εὐηθία),
1399 1109 1631 1164 φαιδρόνους

310 1177 512 1228 (γλῶσσα),
552 1172 707 1226 ἄθυμος
745 1174 882 1226 (ὁδός),
923 1175 1143 1228 περίθυμος
1168 1175 1582 1230 (κατάρα),·ἶσόψυχος
1595 1178 1632 1230 ²)

311 1241 497 1294 (κράτος),
525 1240 678 1293 ἄψυχος
703 1241 846 1295 (κάκη).

413 1309 464 1349 P:
511 1305 706 1360 μελίφρων
744 1306 908 1356 (αἰτία),
938 1306 1144 1361 κακόφρων
1182 1308 1379 1360 (καρπός),
1418 1308 1633 1361 κενεόφρων

311 1370 473 1422 (αὖχαι),
494 1371 678 1425 ὁμόφρων
691 1371 824 1422 (εὐνά),
845 1372 1049 1427 φιλόφρων
1061 1371 1226 1425 (ἀρετά),
1240 1373 1461 1428 μεγαλήτωρ
1475 1371 1632 1427 (ὀργαί).

414 1441 493 1481 Hie
519 1441 655 1480 talium
681 1442 983 1492 compositorum
1010 1455 1102 1481 usus
1128 1456 1177 1481 ne
1203 1443 1264 1481 ab*
1280 1439 1455 1482 Homero
1474 1442 1631 1492 quidem

310 1508 426 1559 plane
453 1508 606 1546 videtur
631 1507 797 1546 alienus:
824 1505 1020 1558 μελίφρων
1045 1503 1176 1555 (οἶνος,
1204 1509 1322 1555 σῖτος,
1347 1506 1494 1556 ὕπνος),
1527 1508 1632 1558 quod

311 1578 442 1614 tamen
469 1574 535 1613 alii
561 1574 887 1623 interpretantur:
921 1573 1240 1622 hjerffriijdande.

414 1638 635 1690 Aeschylus
661 1638 880 1690 hujusmodi
906 1639 969 1690 (d)
996 1641 1209 1689 composita
1236 1652 1525 1691 nonnumquam
1543 1652 1632 1680 ‹zon->

307 1706 438 1757 jungit
470 1717 558 1744 cum
591 1706 809 1745 nominibus
836 1719 921 1756 quae
949 1706 1112 1745 eandem
1139 1706 1221 1746 fere
1247 1706 1419 1746 habeant
1445 1707 1632 1756 significa-

312 1774 469 1822 tionem,
490 1785 605 1823 quam
629 1774 832 1824 compositi
850 1773 1043 1823 posterior
1060 1786 1168 1823 pars:
1190 1770 1434 1825 σιδηρόφρων
1460 1770 1632 1822 (θυμός),

313 1837 503 1891 πρόφρων
553 1837 745 1887 (καρδία),
805 1835 985 1883 αὖτόνονς
1035 1836 1213 1890 (γνώμη),
1267 1834 1434 1885 εὔθυμος
1485 1835 1632 1890 (φρήν),

313 1901 480 1955 εὔψυχος
519 1902 717 1954 (θράσος).

417 1973 553 2021 Atque
580 1971 778 2009 Homerus
805 1983 958 2020 qnoque
977 1971 1072 2010 talia
1090 1971 1224 2009 habet:
1253 1967 1436 2021 ὁμόφρων
1459 1967 1632 2018 (θυμός),

312 2034 534 2088 μεγαλήτωρ
562 2034 735 2084 (θυμός),
767 2033 881 2081 ’ἄνοος
907 2033 1093 2085 (καρδία).
1625 2030 1627 2033 ’

416 2102 540 2153 Apud
578 2102 793 2142 Pindarum
821 2106 950 2142 autem
977 2102 1125 2142 nullum
1152 2102 1266 2153 hujus
1292 2114 1384 2141 usus
1416 2101 1633 2153 exemplum

314 2169 453 2208 inveni.

420 2235 517 2286 Quae
549 2247 669 2285 supra
694 2235 735 2285 (7
765 2235 809 2286 d)
836 2235 1057 2274 enumeravi
1090 2234 1304 2284 composita
1330 2233 1434 2285 apud
1461 2234 1635 2285 Aeschy-

314 2303 395 2341 lum
434 2302 522 2351 plus
562 2304 611 2340 50
650 2306 750 2350 sunt,
791 2314 955 2351 quorum
995 2301 1116 2339 multo
1155 2300 1342 2350 majorem
1374 2304 1537 2350 partem*
1553 2301 1634 2350 ipse

314 2368 428 2407 finxit
452 2370 493 2406 et
518 2367 674 2417 quidem
698 2368 764 2415 ita,
792 2371 836 2405 ut
864 2369 911 2404 30
939 2366 1020 2404 fere
1047 2366 1261 2415 posteriore
1287 2366 1327 2404 in
1354 2369 1467 2416 parte
1494 2378 1635 2416 -φρων,

420 2462 447 2497 ¹)
469 2459 538 2490 Alii
559 2458 657 2490 aliter
653 2459 804 2536 &legunt

417 2509 445 2551 ²)
467 2508 519 2540 Ad
539 2521 569 2548 7
562 2520 649 2538 matu
674 2508 853 2540 vrelatum
875 2517 945 2540 esse
967 2509 1185 2548 exspectares
