<?xml version="1.0" encoding="UTF-8"?>
<!DOCTYPE html PUBLIC "-//W3C//DTD XHTML 1.0 Transitional//EN"
    "http://www.w3.org/TR/xhtml1/DTD/xhtml1-transitional.dtd">
<html xmlns="http://www.w3.org/1999/xhtml" xml:lang="en" lang="en">
 <head>
  <title>
</title>
<meta http-equiv="Content-Type" content="text/html;charset=utf-8" />
  <meta name='ocr-system' content='tesseract 3.04.00' />
  <meta name='ocr-capabilities' content='ocr_page ocr_carea ocr_par ocr_line ocrx_word'/>
</head>
<body>
  <div class='ocr_page' id='page_1' title='image "4737327_0146.png"; bbox 0 0 1835 2968; ppageno 0'>
   <div class='ocr_carea' id='block_1_1' title="bbox 980 208 1053 245">
    <p class='ocr_par' dir='ltr' id='par_1_1' title="bbox 980 208 1053 245">
     <span class='ocr_line' id='line_1_1' title="bbox 980 208 1053 245; baseline 0 0"><span class='ocrx_word' id='word_1_1' title='bbox 980 208 1053 245; x_wconf 82' lang='lat'><strong>136</strong></span> 
     </span>
    </p>
   </div>
   <div class='ocr_carea' id='block_1_2' title="bbox 350 308 1675 559">
    <p class='ocr_par' dir='ltr' id='par_1_2' title="bbox 350 308 1675 559">
     <span class='ocr_line' id='line_1_2' title="bbox 453 308 1675 358; baseline 0 -10"><span class='ocrx_word' id='word_1_2' title='bbox 453 308 556 348; x_wconf 82' lang='lat' dir='ltr'><strong>Sunt</strong></span> <span class='ocrx_word' id='word_1_3' title='bbox 581 312 714 347; x_wconf 82' lang='lat' dir='ltr'><strong>tamen</strong></span> <span class='ocrx_word' id='word_1_4' title='bbox 740 308 858 346; x_wconf 85' lang='lat' dir='ltr'><strong>etiam</strong></span> <span class='ocrx_word' id='word_1_5' title='bbox 886 308 1066 358; x_wconf 83' lang='lat' dir='ltr'><strong>exempla</strong></span> <span class='ocrx_word' id='word_1_6' title='bbox 1091 309 1131 347; x_wconf 90' lang='lat' dir='ltr'><strong>in</strong></span> <span class='ocrx_word' id='word_1_7' title='bbox 1158 308 1297 358; x_wconf 90' lang='lat' dir='ltr'><strong>quibus</strong></span> <span class='ocrx_word' id='word_1_8' title='bbox 1323 308 1498 356; x_wconf 80' lang='lat' dir='ltr'><strong>genetivo</strong></span> <span class='ocrx_word' id='word_1_9' title='bbox 1524 308 1586 347; x_wconf 86' lang='lat' dir='ltr'><strong>vel</strong></span> <span class='ocrx_word' id='word_1_10' title='bbox 1608 308 1675 349; x_wconf 85' lang='lat' dir='ltr'><strong>da-</strong></span> 
     </span>
     <span class='ocr_line' id='line_1_3' title="bbox 350 370 1674 426; baseline -0.002 -12"><span class='ocrx_word' id='word_1_11' title='bbox 350 376 429 414; x_wconf 81' lang='lat' dir='ltr'><strong>tivo</strong></span> <span class='ocrx_word' id='word_1_12' title='bbox 456 374 694 425; x_wconf 80' lang='lat' dir='ltr'><strong>respondeat</strong></span> <span class='ocrx_word' id='word_1_13' title='bbox 719 374 911 424; x_wconf 72' lang='lat' dir='ltr'>posterior</span> <span class='ocrx_word' id='word_1_14' title='bbox 935 387 1045 424; x_wconf 83' lang='lat' dir='ltr'><strong>pars:</strong></span> <span class='ocrx_word' id='word_1_15' title='bbox 1075 371 1333 425; x_wconf 71' lang='grc' dir='ltr'><strong><em>ἁμαρτοεπής,</em></strong></span> <span class='ocrx_word' id='word_1_16' title='bbox 1354 370 1674 426; x_wconf 76' lang='grc' dir='ltr'><strong><em>ἀφαμαρτοεπής,</em></strong></span> 
     </span>
     <span class='ocr_line' id='line_1_4' title="bbox 350 436 1674 491; baseline 0 -13"><span class='ocrx_word' id='word_1_17' title='bbox 350 437 576 490; x_wconf 79' lang='grc' dir='ltr'><strong><em>ἅρχέκακος,</em></strong></span> <span class='ocrx_word' id='word_1_18' title='bbox 610 436 826 490; x_wconf 76' lang='grc' dir='ltr'><strong><em>ἁπτοεπής,</em></strong></span> <span class='ocrx_word' id='word_1_19' title='bbox 858 438 1081 490; x_wconf 65' lang='grc' dir='ltr'><strong><em>λαθικηδής,</em></strong></span> <span class='ocrx_word' id='word_1_20' title='bbox 1114 437 1335 491; x_wconf 75' lang='grc' dir='ltr'><strong><em>μιαιφόνος,</em></strong></span> <span class='ocrx_word' id='word_1_21' title='bbox 1367 438 1674 490; x_wconf 73' lang='grc' dir='ltr'><strong><em>τερπικέραιψος,</em></strong></span> 
     </span>
     <span class='ocr_line' id='line_1_5' title="bbox 351 503 705 559; baseline 0 -15"><span class='ocrx_word' id='word_1_22' title='bbox 351 503 642 559; x_wconf 78' lang='grc' dir='ltr'><strong><em>φαεσίμβροτος</em></strong></span> <span class='ocrx_word' id='word_1_23' title='bbox 658 506 705 556; x_wconf 83' lang='lat'><strong>¹).</strong></span> 
     </span>
    </p>
   </div>
   <div class='ocr_carea' id='block_1_3' title="bbox 351 593 1675 1239">
    <p class='ocr_par' dir='ltr' id='par_1_3' title="bbox 351 593 1675 1239">
     <span class='ocr_line' id='line_1_6' title="bbox 455 593 1675 643; baseline 0 -11"><span class='ocrx_word' id='word_1_24' title='bbox 455 594 592 642; x_wconf 87' lang='lat' dir='ltr'><strong>Atque</strong></span> <span class='ocrx_word' id='word_1_25' title='bbox 625 594 743 632; x_wconf 88' lang='lat' dir='ltr'><strong>etiam</strong></span> <span class='ocrx_word' id='word_1_26' title='bbox 774 593 878 632; x_wconf 91' lang='lat' dir='ltr'><strong>illius</strong></span> <span class='ocrx_word' id='word_1_27' title='bbox 904 606 929 632; x_wconf 86' lang='lat' dir='ltr'><strong>a</strong></span> <span class='ocrx_word' id='word_1_28' title='bbox 955 593 1103 632; x_wconf 85' lang='lat' dir='ltr'><strong>verbali</strong></span> <span class='ocrx_word' id='word_1_29' title='bbox 1129 594 1270 643; x_wconf 88' lang='lat' dir='ltr'><strong>prioris</strong></span> <span class='ocrx_word' id='word_1_30' title='bbox 1296 593 1419 642; x_wconf 84' lang='lat' dir='ltr'><strong>partis</strong></span> <span class='ocrx_word' id='word_1_31' title='bbox 1447 594 1597 632; x_wconf 88' lang='lat' dir='ltr'><strong>ratione</strong></span> <span class='ocrx_word' id='word_1_32' title='bbox 1624 594 1675 632; x_wconf 86' lang='lat' dir='ltr'><strong>ad</strong></span> 
     </span>
     <span class='ocr_line' id='line_1_7' title="bbox 351 657 1674 708; baseline -0.002 -8"><span class='ocrx_word' id='word_1_33' title='bbox 351 659 615 700; x_wconf 85' lang='lat' dir='ltr'><strong>adverbialem</strong></span> <span class='ocrx_word' id='word_1_34' title='bbox 661 659 993 707; x_wconf 82' lang='lat' dir='ltr'><strong>transgressiones</strong></span> <span class='ocrx_word' id='word_1_35' title='bbox 1036 664 1146 697; x_wconf 87' lang='lat' dir='ltr'><strong>certa</strong></span> <span class='ocrx_word' id='word_1_36' title='bbox 1185 663 1275 698; x_wconf 91' lang='lat' dir='ltr'><strong>sunt</strong></span> <span class='ocrx_word' id='word_1_37' title='bbox 1313 657 1417 708; x_wconf 89' lang='lat' dir='ltr'><strong>apud</strong></span> <span class='ocrx_word' id='word_1_38' title='bbox 1456 658 1674 698; x_wconf 84' lang='lat' dir='ltr'><strong>Homerum</strong></span> 
     </span>
     <span class='ocr_line' id='line_1_8' title="bbox 352 724 1674 775; baseline -0.001 -10"><span class='ocrx_word' id='word_1_39' title='bbox 352 725 545 775; x_wconf 84' lang='lat' dir='ltr'><strong>exempla.</strong></span> <span class='ocrx_word' id='word_1_40' title='bbox 592 724 696 763; x_wconf 86' lang='lat' dir='ltr'><strong>Nam</strong></span> <span class='ocrx_word' id='word_1_41' title='bbox 724 725 893 774; x_wconf 89' lang='lat' dir='ltr'><strong>primum</strong></span> <span class='ocrx_word' id='word_1_42' title='bbox 920 724 1077 763; x_wconf 87' lang='lat' dir='ltr'><strong>illorum</strong></span> <span class='ocrx_word' id='word_1_43' title='bbox 1104 738 1128 763; x_wconf 88' lang='lat' dir='ltr'><strong>a</strong></span> <span class='ocrx_word' id='word_1_44' title='bbox 1155 724 1269 775; x_wconf 83' lang='grc' dir='ltr'><strong><em>φιλο-</em></strong></span> <span class='ocrx_word' id='word_1_45' title='bbox 1295 724 1384 775; x_wconf 83' lang='grc' dir='ltr'><strong><em>φιλ-</em></strong></span> <span class='ocrx_word' id='word_1_46' title='bbox 1410 725 1674 774; x_wconf 83' lang='lat' dir='ltr'><strong>incipientium</strong></span> 
     </span>
     <span class='ocr_line' id='line_1_9' title="bbox 352 790 1674 841; baseline -0.002 -10"><span class='ocrx_word' id='word_1_47' title='bbox 352 792 446 831; x_wconf 86' lang='lat' dir='ltr'><strong>licet</strong></span> <span class='ocrx_word' id='word_1_48' title='bbox 479 795 613 831; x_wconf 86' lang='lat' dir='ltr'><strong>cetera</strong></span> <span class='ocrx_word' id='word_1_49' title='bbox 645 791 869 841; x_wconf 86' lang='lat' dir='ltr'><strong>possessivae</strong></span> <span class='ocrx_word' id='word_1_50' title='bbox 903 791 1046 830; x_wconf 84' lang='lat' dir='ltr'><strong>rationi</strong></span> <span class='ocrx_word' id='word_1_51' title='bbox 1077 790 1205 830; x_wconf 86' lang='lat' dir='ltr'><strong>locum</strong></span> <span class='ocrx_word' id='word_1_52' title='bbox 1232 790 1326 830; x_wconf 88' lang='lat' dir='ltr'><strong>dent</strong></span> <span class='ocrx_word' id='word_1_53' title='bbox 1342 791 1388 841; x_wconf 87' lang='lat'><strong>²),</strong></span> <span class='ocrx_word' id='word_1_54' title='bbox 1416 793 1546 830; x_wconf 86' lang='lat' dir='ltr'><strong>tamen</strong></span> <span class='ocrx_word' id='word_1_55' title='bbox 1571 790 1674 830; x_wconf 88' lang='lat' dir='ltr'><strong>idem</strong></span> 
     </span>
     <span class='ocr_line' id='line_1_10' title="bbox 354 853 1675 908; baseline 0 -11"><span class='ocrx_word' id='word_1_56' title='bbox 354 858 473 898; x_wconf 85' lang='lat' dir='ltr'><strong>licere</strong></span> <span class='ocrx_word' id='word_1_57' title='bbox 516 857 565 896; x_wconf 90' lang='lat' dir='ltr'><strong>de</strong></span> <span class='ocrx_word' id='word_1_58' title='bbox 609 858 666 904; x_wconf 89' lang='lat' dir='ltr'><strong>iis,</strong></span> <span class='ocrx_word' id='word_1_59' title='bbox 709 870 795 907; x_wconf 83' lang='lat' dir='ltr'><strong>quae</strong></span> <span class='ocrx_word' id='word_1_60' title='bbox 842 861 933 896; x_wconf 90' lang='lat' dir='ltr'><strong>sunt</strong></span> <span class='ocrx_word' id='word_1_61' title='bbox 971 854 1238 908; x_wconf 69' lang='grc' dir='ltr'><strong><em>φιλομμειδής,</em></strong></span> <span class='ocrx_word' id='word_1_62' title='bbox 1278 853 1562 908; x_wconf 72' lang='grc' dir='ltr'><strong><em>φιλοπαίγμων,</em></strong></span> <span class='ocrx_word' id='word_1_63' title='bbox 1603 857 1675 897; x_wconf 87' lang='lat' dir='ltr'><strong>sibi</strong></span> 
     </span>
     <span class='ocr_line' id='line_1_11' title="bbox 351 921 1674 975; baseline 0 -12"><span class='ocrx_word' id='word_1_64' title='bbox 351 923 591 975; x_wconf 84' lang='lat' dir='ltr'><strong>persuadere</strong></span> <span class='ocrx_word' id='word_1_65' title='bbox 631 922 790 962; x_wconf 82' lang='lat' dir='ltr'><strong>difficile</strong></span> <span class='ocrx_word' id='word_1_66' title='bbox 825 926 894 962; x_wconf 85' lang='lat' dir='ltr'><strong>est.</strong></span> <span class='ocrx_word' id='word_1_67' title='bbox 950 921 1105 966; x_wconf 73' lang='grc' dir='ltr'><strong><em>Μεῖὸος</em></strong></span> <span class='ocrx_word' id='word_1_68' title='bbox 1131 922 1233 961; x_wconf 88' lang='lat' dir='ltr'><strong>enim</strong></span> <span class='ocrx_word' id='word_1_69' title='bbox 1260 922 1542 962; x_wconf 86' lang='lat' dir='ltr'><strong>substantivum</strong></span> <span class='ocrx_word' id='word_1_70' title='bbox 1568 923 1674 974; x_wconf 85' lang='lat' dir='ltr'><strong>apud</strong></span> 
     </span>
     <span class='ocr_line' id='line_1_12' title="bbox 352 987 1674 1041; baseline -0.001 -12"><span class='ocrx_word' id='word_1_71' title='bbox 352 989 595 1041; x_wconf 85' lang='lat' dir='ltr'><strong>Hesychium</strong></span> <span class='ocrx_word' id='word_1_72' title='bbox 635 990 816 1039; x_wconf 88' lang='lat' dir='ltr'><strong>primum,</strong></span> <span class='ocrx_word' id='word_1_73' title='bbox 857 988 1010 1037; x_wconf 75' lang='grc' dir='ltr'><strong><em>παῖγμα</em></strong></span> <span class='ocrx_word' id='word_1_74' title='bbox 1050 987 1155 1038; x_wconf 85' lang='lat' dir='ltr'><strong>apud</strong></span> <span class='ocrx_word' id='word_1_75' title='bbox 1194 988 1424 1039; x_wconf 83' lang='lat' dir='ltr'><strong>Euripidem</strong></span> <span class='ocrx_word' id='word_1_76' title='bbox 1463 989 1587 1028; x_wconf 91' lang='lat' dir='ltr'><strong>solum</strong></span> <span class='ocrx_word' id='word_1_77' title='bbox 1619 990 1674 1029; x_wconf 92' lang='lat' dir='ltr'><strong>in-</strong></span> 
     </span>
     <span class='ocr_line' id='line_1_13' title="bbox 353 1054 1674 1096; baseline 0.001 -1"><span class='ocrx_word' id='word_1_78' title='bbox 353 1057 518 1095; x_wconf 88' lang='lat' dir='ltr'><strong>venitur.</strong></span> <span class='ocrx_word' id='word_1_79' title='bbox 572 1055 675 1095; x_wconf 87' lang='lat' dir='ltr'><strong>Sunt</strong></span> <span class='ocrx_word' id='word_1_80' title='bbox 712 1068 804 1094; x_wconf 85' lang='lat' dir='ltr'><strong>vero</strong></span> <span class='ocrx_word' id='word_1_81' title='bbox 844 1055 961 1094; x_wconf 82' lang='lat' dir='ltr'><strong>etiam</strong></span> <span class='ocrx_word' id='word_1_82' title='bbox 993 1055 1071 1093; x_wconf 86' lang='lat' dir='ltr'><strong>alia</strong></span> <span class='ocrx_word' id='word_1_83' title='bbox 1101 1054 1202 1094; x_wconf 86' lang='lat' dir='ltr'><strong>illius</strong></span> <span class='ocrx_word' id='word_1_84' title='bbox 1235 1055 1286 1094; x_wconf 88' lang='lat' dir='ltr'><strong>ad</strong></span> <span class='ocrx_word' id='word_1_85' title='bbox 1311 1056 1388 1094; x_wconf 89' lang='lat' dir='ltr'><strong>vim</strong></span> <span class='ocrx_word' id='word_1_86' title='bbox 1414 1054 1674 1096; x_wconf 85' lang='lat' dir='ltr'><strong>adverbialem</strong></span> 
     </span>
     <span class='ocr_line' id='line_1_14' title="bbox 352 1116 1674 1171; baseline -0.001 -10"><span class='ocrx_word' id='word_1_87' title='bbox 352 1121 670 1171; x_wconf 77' lang='lat' dir='ltr'><strong>transgressionis</strong></span> <span class='ocrx_word' id='word_1_88' title='bbox 697 1121 890 1171; x_wconf 85' lang='lat' dir='ltr'><strong>exempla:</strong></span> <span class='ocrx_word' id='word_1_89' title='bbox 924 1116 1131 1170; x_wconf 79' lang='grc' dir='ltr'><strong><em>ἀεσίφρων,</em></strong></span> <span class='ocrx_word' id='word_1_90' title='bbox 1165 1117 1402 1171; x_wconf 81' lang='grc' dir='ltr'><strong><em>κλεψίφρων,</em></strong></span> <span class='ocrx_word' id='word_1_91' title='bbox 1434 1118 1674 1171; x_wconf 80' lang='grc' dir='ltr'><strong><em>μισγάγκεια,</em></strong></span> 
     </span>
     <span class='ocr_line' id='line_1_15' title="bbox 353 1181 1449 1239; baseline -0.003 -13"><span class='ocrx_word' id='word_1_92' title='bbox 353 1183 560 1239; x_wconf 70' lang='grc' dir='ltr'><strong><em>ὀρσοθύρη,</em></strong></span> <span class='ocrx_word' id='word_1_93' title='bbox 588 1184 883 1238; x_wconf 73' lang='grc' dir='ltr'><strong><em>πηγεσίμαλλος,</em></strong></span> <span class='ocrx_word' id='word_1_94' title='bbox 909 1182 1170 1235; x_wconf 78' lang='grc' dir='ltr'><strong><em>ταλασίφρων,</em></strong></span> <span class='ocrx_word' id='word_1_95' title='bbox 1197 1181 1449 1237; x_wconf 71' lang='grc' dir='ltr'><strong><em>φυσίγναθος.</em></strong></span> 
     </span>
    </p>
   </div>
   <div class='ocr_carea' id='block_1_4' title="bbox 349 1271 1676 1851">
    <p class='ocr_par' dir='ltr' id='par_1_4' title="bbox 349 1271 1676 1851">
     <span class='ocr_line' id='line_1_16' title="bbox 457 1271 1675 1324; baseline 0.001 -12"><span class='ocrx_word' id='word_1_96' title='bbox 457 1273 554 1324; x_wconf 81' lang='lat' dir='ltr'><strong>Quae</strong></span> <span class='ocrx_word' id='word_1_97' title='bbox 579 1273 744 1311; x_wconf 88' lang='lat' dir='ltr'><strong>mutatio</strong></span> <span class='ocrx_word' id='word_1_98' title='bbox 763 1285 840 1321; x_wconf 88' lang='lat' dir='ltr'><strong>quo</strong></span> <span class='ocrx_word' id='word_1_99' title='bbox 859 1272 974 1311; x_wconf 90' lang='lat' dir='ltr'><strong>modo</strong></span> <span class='ocrx_word' id='word_1_100' title='bbox 993 1272 1100 1310; x_wconf 83' lang='lat' dir='ltr'><strong>facta</strong></span> <span class='ocrx_word' id='word_1_101' title='bbox 1117 1272 1167 1310; x_wconf 88' lang='lat' dir='ltr'><strong>sit</strong></span> <span class='ocrx_word' id='word_1_102' title='bbox 1184 1271 1469 1321; x_wconf 86' lang='lat' dir='ltr'><strong>apertissimum</strong></span> <span class='ocrx_word' id='word_1_103' title='bbox 1487 1277 1547 1312; x_wconf 90' lang='lat' dir='ltr'><strong>est</strong></span> <span class='ocrx_word' id='word_1_104' title='bbox 1564 1287 1611 1313; x_wconf 85' lang='lat' dir='ltr'><strong>ex</strong></span> <span class='ocrx_word' id='word_1_105' title='bbox 1628 1275 1675 1313; x_wconf 91' lang='lat' dir='ltr'><strong>iis</strong></span> 
     </span>
     <span class='ocr_line' id='line_1_17' title="bbox 353 1333 1674 1390; baseline -0.002 -12"><span class='ocrx_word' id='word_1_106' title='bbox 353 1352 439 1389; x_wconf 88' lang='lat' dir='ltr'><strong>quae</strong></span> <span class='ocrx_word' id='word_1_107' title='bbox 458 1338 657 1377; x_wconf 87' lang='lat' dir='ltr'><strong>Hesiodus</strong></span> <span class='ocrx_word' id='word_1_108' title='bbox 675 1338 832 1376; x_wconf 83' lang='lat' dir='ltr'><strong>novavit</strong></span> <span class='ocrx_word' id='word_1_109' title='bbox 849 1338 1086 1387; x_wconf 85' lang='lat' dir='ltr'><strong>compositis:</strong></span> <span class='ocrx_word' id='word_1_110' title='bbox 1116 1333 1362 1387; x_wconf 80' lang='grc' dir='ltr'><strong><em>ἀερσιπότης,</em></strong></span> <span class='ocrx_word' id='word_1_111' title='bbox 1381 1333 1674 1390; x_wconf 77' lang='grc' dir='ltr'><strong><em>ἀερσιπότητος.</em></strong></span> 
     </span>
     <span class='ocr_line' id='line_1_18' title="bbox 352 1398 1676 1452; baseline 0 -8"><span class='ocrx_word' id='word_1_112' title='bbox 352 1405 459 1444; x_wconf 86' lang='lat' dir='ltr'><strong>Nam</strong></span> <span class='ocrx_word' id='word_1_113' title='bbox 478 1404 529 1444; x_wconf 85' lang='lat' dir='ltr'><strong>ad</strong></span> <span class='ocrx_word' id='word_1_114' title='bbox 547 1403 836 1443; x_wconf 90' lang='lat' dir='ltr'><strong>similitudinem</strong></span> <span class='ocrx_word' id='word_1_115' title='bbox 857 1403 1058 1441; x_wconf 88' lang='lat' dir='ltr'><strong>Homerici</strong></span> <span class='ocrx_word' id='word_1_116' title='bbox 1077 1398 1289 1451; x_wconf 74' lang='grc' dir='ltr'><strong><em>ἅεροίπους</em></strong></span> <span class='ocrx_word' id='word_1_117' title='bbox 1306 1403 1398 1443; x_wconf 83' lang='lat' dir='ltr'><strong>ficta</strong></span> <span class='ocrx_word' id='word_1_118' title='bbox 1416 1416 1498 1441; x_wconf 90' lang='lat' dir='ltr'><strong>esse</strong></span> <span class='ocrx_word' id='word_1_119' title='bbox 1518 1405 1603 1452; x_wconf 91' lang='lat' dir='ltr'><strong>quis</strong></span> <span class='ocrx_word' id='word_1_120' title='bbox 1616 1408 1676 1444; x_wconf 86' lang='lat' dir='ltr'><strong>est</strong></span> 
     </span>
     <span class='ocr_line' id='line_1_19' title="bbox 353 1468 1674 1521; baseline -0.001 -11"><span class='ocrx_word' id='word_1_121' title='bbox 353 1471 447 1521; x_wconf 89' lang='lat' dir='ltr'><strong>quin</strong></span> <span class='ocrx_word' id='word_1_122' title='bbox 474 1469 628 1510; x_wconf 82' lang='lat' dir='ltr'><strong>videat?</strong></span> <span class='ocrx_word' id='word_1_123' title='bbox 655 1468 787 1519; x_wconf 84' lang='lat' dir='ltr'><strong>Hujus</strong></span> <span class='ocrx_word' id='word_1_124' title='bbox 812 1472 943 1508; x_wconf 85' lang='lat' dir='ltr'><strong>autem</strong></span> <span class='ocrx_word' id='word_1_125' title='bbox 969 1468 1173 1519; x_wconf 86' lang='lat' dir='ltr'><strong>compositi</strong></span> <span class='ocrx_word' id='word_1_126' title='bbox 1191 1469 1297 1508; x_wconf 92' lang='lat' dir='ltr'><strong>notio</strong></span> <span class='ocrx_word' id='word_1_127' title='bbox 1318 1468 1482 1508; x_wconf 87' lang='lat' dir='ltr'><strong>verbalis</strong></span> <span class='ocrx_word' id='word_1_128' title='bbox 1500 1470 1674 1520; x_wconf 83' lang='lat' dir='ltr'><strong>a=pri0re</strong></span> 
     </span>
     <span class='ocr_line' id='line_1_20' title="bbox 352 1534 1673 1588; baseline 0 -12"><span class='ocrx_word' id='word_1_129' title='bbox 352 1541 466 1588; x_wconf 84' lang='lat' dir='ltr'><strong>parte</strong></span> <span class='ocrx_word' id='word_1_130' title='bbox 505 1536 620 1575; x_wconf 86' lang='lat' dir='ltr'><strong>facile</strong></span> <span class='ocrx_word' id='word_1_131' title='bbox 660 1536 745 1574; x_wconf 87' lang='lat' dir='ltr'><strong>fieri</strong></span> <span class='ocrx_word' id='word_1_132' title='bbox 784 1539 968 1585; x_wconf 85' lang='lat' dir='ltr'><strong>potuerat</strong></span> <span class='ocrx_word' id='word_1_133' title='bbox 1005 1539 1050 1574; x_wconf 85' lang='lat' dir='ltr'><strong>ut</strong></span> <span class='ocrx_word' id='word_1_134' title='bbox 1081 1534 1238 1574; x_wconf 85' lang='lat' dir='ltr'><strong>cederet</strong></span> <span class='ocrx_word' id='word_1_135' title='bbox 1271 1539 1311 1574; x_wconf 86' lang='lat' dir='ltr'><strong>et</strong></span> <span class='ocrx_word' id='word_1_136' title='bbox 1335 1536 1548 1585; x_wconf 86' lang='lat' dir='ltr'><strong>possessiva</strong></span> <span class='ocrx_word' id='word_1_137' title='bbox 1573 1537 1673 1576; x_wconf 84' lang='lat' dir='ltr'><strong>ratio</strong></span> 
     </span>
     <span class='ocr_line' id='line_1_21' title="bbox 352 1600 1675 1652; baseline 0 -10"><span class='ocrx_word' id='word_1_138' title='bbox 352 1617 393 1642; x_wconf 91' lang='lat' dir='ltr'><strong>se</strong></span> <span class='ocrx_word' id='word_1_139' title='bbox 432 1603 659 1650; x_wconf 85' lang='lat' dir='ltr'><strong>insinuaret,</strong></span> <span class='ocrx_word' id='word_1_140' title='bbox 698 1602 755 1640; x_wconf 89' lang='lat' dir='ltr'><strong>ita</strong></span> <span class='ocrx_word' id='word_1_141' title='bbox 788 1600 944 1651; x_wconf 90' lang='lat' dir='ltr'><strong>quidem</strong></span> <span class='ocrx_word' id='word_1_142' title='bbox 971 1605 1016 1640; x_wconf 93' lang='lat' dir='ltr'><strong>ut</strong></span> <span class='ocrx_word' id='word_1_143' title='bbox 1040 1602 1148 1652; x_wconf 90' lang='lat' dir='ltr'><strong>prior</strong></span> <span class='ocrx_word' id='word_1_144' title='bbox 1173 1613 1266 1651; x_wconf 84' lang='lat' dir='ltr'><strong>pars</strong></span> <span class='ocrx_word' id='word_1_145' title='bbox 1292 1600 1551 1641; x_wconf 86' lang='lat' dir='ltr'><strong>adverbialem</strong></span> <span class='ocrx_word' id='word_1_146' title='bbox 1576 1604 1675 1642; x_wconf 86' lang='lat' dir='ltr'><strong>acci-</strong></span> 
     </span>
     <span class='ocr_line' id='line_1_22' title="bbox 352 1666 1673 1720; baseline -0.001 -12"><span class='ocrx_word' id='word_1_147' title='bbox 352 1673 465 1720; x_wconf 89' lang='lat' dir='ltr'><strong>peret</strong></span> <span class='ocrx_word' id='word_1_148' title='bbox 515 1668 852 1717; x_wconf 85' lang='lat' dir='ltr'><strong>significationem:</strong></span> <span class='ocrx_word' id='word_1_149' title='bbox 913 1680 995 1706; x_wconf 82' lang='lat' dir='ltr'><strong>som</strong></span> <span class='ocrx_word' id='word_1_150' title='bbox 1048 1666 1116 1714; x_wconf 72' lang='lat' dir='ltr'><strong>fiir</strong></span> <span class='ocrx_word' id='word_1_151' title='bbox 1168 1667 1290 1717; x_wconf 64' lang='grc' dir='ltr'><strong>(εἰμι’)</strong></span> <span class='ocrx_word' id='word_1_152' title='bbox 1343 1668 1404 1705; x_wconf 76' lang='lat' dir='ltr'><strong>sin</strong></span> <span class='ocrx_word' id='word_1_153' title='bbox 1458 1667 1521 1714; x_wconf 78' lang='lat' dir='ltr'><strong>fot</strong></span> <span class='ocrx_word' id='word_1_154' title='bbox 1571 1669 1673 1718; x_wconf 65' lang='lat' dir='ltr'><strong>hbqt.</strong></span> 
     </span>
     <span class='ocr_line' id='line_1_23' title="bbox 353 1728 1674 1786; baseline -0.002 -11"><span class='ocrx_word' id='word_1_155' title='bbox 353 1734 673 1786; x_wconf 84' lang='lat' dir='ltr'><strong>Comparandum</strong></span> <span class='ocrx_word' id='word_1_156' title='bbox 713 1737 772 1772; x_wconf 86' lang='lat' dir='ltr'><strong>est</strong></span> <span class='ocrx_word' id='word_1_157' title='bbox 809 1733 1073 1784; x_wconf 87' lang='lat' dir='ltr'><strong>Aeschyleum</strong></span> <span class='ocrx_word' id='word_1_158' title='bbox 1114 1728 1369 1777; x_wconf 67' lang='grc' dir='ltr'><strong><em>ὀπισθόπους</em></strong></span> <span class='ocrx_word' id='word_1_159' title='bbox 1395 1745 1476 1772; x_wconf 83' lang='lat' dir='ltr'><strong>som</strong></span> <span class='ocrx_word' id='word_1_160' title='bbox 1502 1737 1587 1784; x_wconf 76' lang='lat' dir='ltr'><strong>styr</strong></span> <span class='ocrx_word' id='word_1_161' title='bbox 1612 1735 1674 1773; x_wconf 79' lang='lat' dir='ltr'><strong>sin</strong></span> 
     </span>
     <span class='ocr_line' id='line_1_24' title="bbox 349 1800 737 1851; baseline -0.008 -11"><span class='ocrx_word' id='word_1_162' title='bbox 349 1800 413 1848; x_wconf 80' lang='lat' dir='ltr'><strong>fot</strong></span> <span class='ocrx_word' id='word_1_163' title='bbox 446 1801 555 1851; x_wconf 70' lang='lat' dir='ltr'><strong>(qvir)</strong></span> <span class='ocrx_word' id='word_1_164' title='bbox 591 1800 737 1839; x_wconf 78' lang='lat' dir='ltr'><strong>bakom.</strong></span> 
     </span>
    </p>
   </div>
   <div class='ocr_carea' id='block_1_5' title="bbox 352 1885 1675 2202">
    <p class='ocr_par' dir='ltr' id='par_1_5' title="bbox 352 1885 1675 2202">
     <span class='ocr_line' id='line_1_25' title="bbox 457 1885 1675 1937; baseline 0.002 -12"><span class='ocrx_word' id='word_1_165' title='bbox 457 1885 671 1936; x_wconf 81' lang='lat' dir='ltr'><strong>Sophocles</strong></span> <span class='ocrx_word' id='word_1_166' title='bbox 711 1886 898 1925; x_wconf 84' lang='lat' dir='ltr'><strong>nonnulla</strong></span> <span class='ocrx_word' id='word_1_167' title='bbox 927 1887 983 1925; x_wconf 83' lang='lat' dir='ltr'><strong>ita</strong></span> <span class='ocrx_word' id='word_1_168' title='bbox 1008 1886 1130 1935; x_wconf 87' lang='lat' dir='ltr'><strong>finxit,</strong></span> <span class='ocrx_word' id='word_1_169' title='bbox 1159 1890 1202 1925; x_wconf 89' lang='lat' dir='ltr'><strong>ut</strong></span> <span class='ocrx_word' id='word_1_170' title='bbox 1228 1886 1267 1925; x_wconf 91' lang='lat' dir='ltr'><strong>in</strong></span> <span class='ocrx_word' id='word_1_171' title='bbox 1293 1887 1424 1936; x_wconf 89' lang='lat' dir='ltr'><strong>priore</strong></span> <span class='ocrx_word' id='word_1_172' title='bbox 1449 1891 1561 1937; x_wconf 86' lang='lat' dir='ltr'><strong>parte</strong></span> <span class='ocrx_word' id='word_1_173' title='bbox 1588 1889 1675 1927; x_wconf 90' lang='lat' dir='ltr'><strong>stir-</strong></span> 
     </span>
     <span class='ocr_line' id='line_1_26' title="bbox 352 1947 1675 2002; baseline 0.001 -12"><span class='ocrx_word' id='word_1_174' title='bbox 352 1964 442 2002; x_wconf 87' lang='lat' dir='ltr'><strong>pem</strong></span> <span class='ocrx_word' id='word_1_175' title='bbox 481 1952 677 1991; x_wconf 84' lang='lat' dir='ltr'><strong>verbalem</strong></span> <span class='ocrx_word' id='word_1_176' title='bbox 716 1955 896 2001; x_wconf 88' lang='lat' dir='ltr'><strong>poneret:</strong></span> <span class='ocrx_word' id='word_1_177' title='bbox 938 1947 1211 1999; x_wconf 77' lang='grc' dir='ltr'><strong><em>ἅρχέπλουιος,</em></strong></span> <span class='ocrx_word' id='word_1_178' title='bbox 1252 1948 1488 2002; x_wconf 81' lang='grc' dir='ltr'><strong><em>ἅλεξίμορος,</em></strong></span> <span class='ocrx_word' id='word_1_179' title='bbox 1522 1949 1675 2000; x_wconf 80' lang='grc' dir='ltr'><strong><em>ἀλεξαί-</em></strong></span> 
     </span>
     <span class='ocr_line' id='line_1_27' title="bbox 354 2014 1674 2070; baseline 0.002 -14"><span class='ocrx_word' id='word_1_180' title='bbox 354 2020 481 2068; x_wconf 75' lang='grc' dir='ltr'><strong><em>θριον,</em></strong></span> <span class='ocrx_word' id='word_1_181' title='bbox 500 2015 720 2070; x_wconf 69' lang='grc' dir='ltr'><strong><em>ἑγρεμάχης,</em></strong></span> <span class='ocrx_word' id='word_1_182' title='bbox 740 2014 942 2065; x_wconf 72' lang='grc' dir='ltr'><strong><em>τανύπους,</em></strong></span> <span class='ocrx_word' id='word_1_183' title='bbox 961 2014 1190 2065; x_wconf 61' lang='grc' dir='ltr'><strong><em>λαθίιιονος,</em></strong></span> <span class='ocrx_word' id='word_1_184' title='bbox 1209 2015 1426 2070; x_wconf 75' lang='grc' dir='ltr'><strong><em>νικομάχης,</em></strong></span> <span class='ocrx_word' id='word_1_185' title='bbox 1446 2017 1674 2067; x_wconf 74' lang='grc' dir='ltr'><strong><em>παυσανίας,</em></strong></span> 
     </span>
     <span class='ocr_line' id='line_1_28' title="bbox 352 2080 1673 2135; baseline 0.001 -13"><span class='ocrx_word' id='word_1_186' title='bbox 352 2081 562 2134; x_wconf 79' lang='grc' dir='ltr'><strong><em>τρυσάνωρ,</em></strong></span> <span class='ocrx_word' id='word_1_187' title='bbox 594 2083 779 2135; x_wconf 85' lang='grc' dir='ltr'><strong><em>φίλαυλος</em></strong></span> <span class='ocrx_word' id='word_1_188' title='bbox 809 2107 861 2112; x_wconf 91' lang='grc'><strong>-</strong></span> <span class='ocrx_word' id='word_1_189' title='bbox 892 2081 1168 2135; x_wconf 78' lang='grc' dir='ltr'><strong><em>φιλοίκτιστος,</em></strong></span> <span class='ocrx_word' id='word_1_190' title='bbox 1195 2080 1441 2132; x_wconf 82' lang='grc' dir='ltr'><strong><em>μελλόποσις,</em></strong></span> <span class='ocrx_word' id='word_1_191' title='bbox 1467 2082 1673 2134; x_wconf 80' lang='grc' dir='ltr'><strong><em>μελλόνυμ-</em></strong></span> 
     </span>
     <span class='ocr_line' id='line_1_29' title="bbox 352 2146 718 2202; baseline 0 -15"><span class='ocrx_word' id='word_1_192' title='bbox 352 2163 440 2202; x_wconf 86' lang='grc' dir='ltr'><strong><em>φος,</em></strong></span> <span class='ocrx_word' id='word_1_193' title='bbox 466 2146 718 2201; x_wconf 82' lang='grc' dir='ltr'><strong><em>μελλόγαμος.</em></strong></span> 
     </span>
    </p>
   </div>
   <div class='ocr_carea' id='block_1_6' title="bbox 354 2269 599 2275">
    <p class='ocr_par' dir='ltr' id='par_1_6' title="bbox 354 2269 599 2275">
     <span class='ocr_line' id='line_1_30' title="bbox 354 2269 599 2275; baseline 0 0"><span class='ocrx_word' id='word_1_194' title='bbox 354 2269 599 2275; x_wconf 95' lang='lat' dir='ltr'><strong> </strong></span> 
     </span>
    </p>
   </div>
   <div class='ocr_carea' id='block_1_7' title="bbox 352 2342 1675 2538">
    <p class='ocr_par' dir='ltr' id='par_1_7' title="bbox 352 2342 1675 2487">
     <span class='ocr_line' id='line_1_31' title="bbox 457 2342 1675 2385; baseline 0.002 -11"><span class='ocrx_word' id='word_1_195' title='bbox 457 2345 485 2382; x_wconf 87' lang='lat'><strong>¹)</strong></span> <span class='ocrx_word' id='word_1_196' title='bbox 506 2343 587 2383; x_wconf 80' lang='lat' dir='ltr'><strong>Quae</strong></span> <span class='ocrx_word' id='word_1_197' title='bbox 608 2342 707 2375; x_wconf 83' lang='lat' dir='ltr'><strong>attuli</strong></span> <span class='ocrx_word' id='word_1_198' title='bbox 727 2344 879 2384; x_wconf 81' lang='lat' dir='ltr'><strong>exempla</strong></span> <span class='ocrx_word' id='word_1_199' title='bbox 895 2343 1079 2382; x_wconf 82' lang='lat' dir='ltr'><strong>Homerica,</strong></span> <span class='ocrx_word' id='word_1_200' title='bbox 1097 2343 1292 2384; x_wconf 68' lang='lat' dir='ltr'><strong>Aemhylea,</strong></span> <span class='ocrx_word' id='word_1_201' title='bbox 1308 2343 1480 2376; x_wconf 80' lang='lat' dir='ltr'><strong>Pindarica</strong></span> <span class='ocrx_word' id='word_1_202' title='bbox 1493 2344 1675 2385; x_wconf 76' lang='lat' dir='ltr'><strong>declarant,</strong></span> 
     </span>
     <span class='ocr_line' id='line_1_32' title="bbox 352 2394 1673 2435; baseline 0 -8"><span class='ocrx_word' id='word_1_203' title='bbox 352 2394 462 2435; x_wconf 85' lang='lat' dir='ltr'><strong>credo,</strong></span> <span class='ocrx_word' id='word_1_204' title='bbox 482 2395 685 2435; x_wconf 81' lang='lat' dir='ltr'><strong>probandam</strong></span> <span class='ocrx_word' id='word_1_205' title='bbox 712 2405 778 2426; x_wconf 86' lang='lat' dir='ltr'><strong>non</strong></span> <span class='ocrx_word' id='word_1_206' title='bbox 800 2405 872 2426; x_wconf 85' lang='lat' dir='ltr'><strong>esse</strong></span> <span class='ocrx_word' id='word_1_207' title='bbox 894 2395 1019 2435; x_wconf 74' lang='lat' dir='ltr'><strong>Meyer-i</strong></span> <span class='ocrx_word' id='word_1_208' title='bbox 1040 2395 1237 2426; x_wconf 80' lang='lat' dir='ltr'><strong>sententiam</strong></span> <span class='ocrx_word' id='word_1_209' title='bbox 1260 2395 1449 2427; x_wconf 75' lang='lat' dir='ltr'><strong>accusativo</strong></span> <span class='ocrx_word' id='word_1_210' title='bbox 1471 2405 1602 2435; x_wconf 75' lang='lat' dir='ltr'><strong>semper</strong></span> <span class='ocrx_word' id='word_1_211' title='bbox 1622 2405 1673 2427; x_wconf 89' lang='lat' dir='ltr'><strong>re-</strong></span> 
     </span>
     <span class='ocr_line' id='line_1_33' title="bbox 352 2444 1367 2487; baseline -0.001 -9"><span class='ocrx_word' id='word_1_212' title='bbox 352 2444 515 2487; x_wconf 78' lang='lat' dir='ltr'><strong>spondere</strong></span> <span class='ocrx_word' id='word_1_213' title='bbox 536 2444 753 2487; x_wconf 79' lang='lat' dir='ltr'><strong>posteriorem</strong></span> <span class='ocrx_word' id='word_1_214' title='bbox 772 2447 898 2485; x_wconf 85' lang='lat' dir='ltr'><strong>partem</strong></span> <span class='ocrx_word' id='word_1_215' title='bbox 921 2444 1031 2485; x_wconf 82' lang='lat' dir='ltr'><strong>(Stud.</strong></span> <span class='ocrx_word' id='word_1_216' title='bbox 1055 2445 1127 2486; x_wconf 89' lang='lat' dir='ltr'>Vll,</span> <span class='ocrx_word' id='word_1_217' title='bbox 1146 2446 1216 2486; x_wconf 90' lang='grc'><strong>180,</strong></span> <span class='ocrx_word' id='word_1_218' title='bbox 1238 2445 1278 2487; x_wconf 84' lang='lat' dir='ltr'><strong>V,</strong></span> <span class='ocrx_word' id='word_1_219' title='bbox 1302 2447 1367 2487; x_wconf 87' lang='lat'>31).</span> 
     </span>
    </p>

    <p class='ocr_par' dir='ltr' id='par_1_8' title="bbox 455 2494 926 2538">
     <span class='ocr_line' id='line_1_34' title="bbox 455 2494 926 2538; baseline 0.004 -11"><span class='ocrx_word' id='word_1_220' title='bbox 455 2496 483 2538; x_wconf 92' lang='lat'><strong>²)</strong></span> <span class='ocrx_word' id='word_1_221' title='bbox 504 2495 562 2528; x_wconf 81' lang='lat' dir='ltr'><strong>cfr</strong></span> <span class='ocrx_word' id='word_1_222' title='bbox 582 2494 679 2529; x_wconf 73' lang='lat' dir='ltr'><strong>osth.</strong></span> <span class='ocrx_word' id='word_1_223' title='bbox 702 2505 735 2536; x_wconf 90' lang='lat' dir='ltr'><strong>p.</strong></span> <span class='ocrx_word' id='word_1_224' title='bbox 758 2496 830 2537; x_wconf 87' lang='grc'><strong>146,</strong></span> <span class='ocrx_word' id='word_1_225' title='bbox 854 2497 926 2529; x_wconf 88' lang='grc'><strong>160.</strong></span> 
     </span>
    </p>
   </div>
  </div>
 </body>
</html>
