1835 2968
957 196 1008 234 82

320 293 443 351 (ἀμφὶ
470 294 626 343 δἀὓτᾶς
652 298 787 346 θροεῖς
811 294 927 347 νόμον
952 293 1043 335 ἶί-ον
1080 310 1127 337 en
1152 298 1252 348 sanq
1276 309 1358 338 som
1383 297 1421 348 ej
1441 296 1639 348 fer-&enar

320 368 478 403 namnet
515 364 626 413 sdny,
666 363 926 414 olyckssdny),
965 359 1089 408 δίπαις
1120 363 1170 403 al.
1203 377 1302 403 eum.
1333 366 1433 403 1034
1469 363 1639 414 (Νυκτὸς

322 429 464 475 παῖδες
502 425 591 475 ἷί-ες
630 441 711 469 som
750 429 788 479 ej
825 442 905 469 mer
930 431 999 469 ἅνο
1028 429 1136 476 barn,
1163 429 1187 468 i,
1214 442 1245 469 e.
1269 429 1415 479 qamla,
1442 429 1501 470 cfr
1526 443 1561 469 v.
1589 432 1638 468 69

322 495 472 541 Νυκτὸς
498 493 665 533 παλαιαὶ
693 495 863 546 παῖδες),
883 491 1082 544 ἀπόλεμος
1099 495 1149 534 al.
1167 509 1226 546 pr.
1247 499 1322 535 904
1339 492 1450 546 (ἀ-ος
1467 492 1639 544 πόλεμος

323 566 378 602 ett
404 562 501 613 tany,
529 574 609 601 som
636 561 848 612 eyentliyen
875 562 910 612 ej
936 562 1014 601 Ican
1040 561 1172 601 hallas
1197 563 1255 610 εᾶ,
1284 563 1388 613 quod
1407 563 1506 604 alter
1524 562 1639 604 alteri

321 630 434 668 nimis
472 630 599 679 impar
638 632 707 676 est,
748 629 843 667 sive:
886 628 1133 679 olyckskriy),
1174 624 1317 674 ἶίπολις
1354 630 1403 668 al.
1437 642 1536 668 eum.
1562 632 1637 668 457

321 690 425 746 (ὀί-ιν
451 691 565 732 πόλιν
591 690 738 746 ἔθηκας
763 694 855 733 stad
879 706 960 733 som
986 694 1022 744 ej
1047 706 1127 733 mer
1148 694 1273 742 firmes
1300 695 1393 746 till),
1424 692 1562 744 ι’ίχαρις
1587 694 1637 735 al.

321 775 382 811 ag.
412 764 509 800 1545
537 757 637 811 (Ji-n»
662 756 772 809 χάριν
790 751 1001 809 Δἐπικρᾶναι
1028 762 1110 799 visa
1143 774 1188 800 en
1215 762 1423 811 onaturliq,
1449 761 1639 811 fiirhatliq

321 827 630 878 karlekstjenst)‚
656 826 792 866 eodem
819 826 933 866 modo
959 827 1096 875 eh.q42
1123 824 1253 877 (χάριν
1278 823 1390 880 ἅ-ιν).

424 904 556 954 Hujus
594 903 746 951 generis
785 903 845 953 (c)
883 904 1096 953 composita
1131 903 1237 953 apud
1275 903 1493 943 Homerum
1532 903 1640 942 nulla

323 975 424 1011 sunt.
464 968 591 1021 Apud
615 969 785 1018 tragicos
811 973 941 1009 autem
968 982 1045 1009 non
1070 982 1197 1020 pauca
1222 970 1470 1009 inveniuntur
1495 969 1638 1020 (Sophz

322 1035 444 1087 γάμος
470 1032 630 1086 ἄγαμος,
657 1035 764 1084 δῶρα
792 1030 937 1083 ἄδωρα,
963 1032 1082 1086 μήτηρ
1109 1031 1277 1087 ἀμήτωρ,
1296 1034 1424 1086 πατὴρ
1442 1030 1639 1086 ἀπάτωρ).

322 1102 501 1142 Eandem
527 1101 609 1140 fere
638 1114 754 1151 quam
774 1116 799 1138 α
817 1101 1047 1150 privativum
1070 1102 1110 1140 in
1130 1101 1272 1141 talibus
1289 1102 1510 1151 compositis
1527 1101 1640 1149 signi·

322 1168 541 1207 ficationem
582 1166 701 1206 habet
737 1166 932 1216 particula
958 1179 1043 1216 quae
1071 1170 1130 1206 est
1156 1166 1222 1211 δυς
1247 1167 1368 1217 (Eurz
1396 1163 1525 1218 νύμφα
1552 1163 1639 1204 δύσ-

324 1248 481 1286 νινμφος,
526 1230 649 1284 γάμος
692 1230 895 1283 δύσγαμος,
940 1229 1089 1281 δαίμων
1133 1230 1366 1282 δισδαίμων,
1411 1233 1470 1273 cfr
1513 1226 1638 1291 Hom-z

325 1296 528 1350 δέσπαρις,
556 1297 776 1351 δυσμήτηρ).
821 1299 942 1350 Cujus
968 1303 1098 1339 tamen
1125 1300 1276 1349 generis
1294 1300 1402 1339 nulla
1419 1303 1510 1339 sunt
1534 1299 1640 1351 apud

323 1366 564 1418 Aeschylum
604 1365 790 1417 exempla.
849 1365 1044 1406 Pindarus
1084 1365 1238 1417 quidem
1277 1367 1451 1407 neutrius
1489 1366 1641 1416 generis

323 1434 547 1483 compositis
574 1447 665 1472 usus
691 1437 760 1471 est.

426 1544 461 1581 5.
520 1541 776 1592 Compositum
802 1542 995 1592 siym‘ficat
1022 1555 1104 1582 eam
1130 1543 1344 1589 materiam,
1372 1555 1418 1583 ex
1444 1555 1521 1593 qua
1547 1542 1642 1593 quid

322 1611 485 1647 constat.

425 1702 505 1740 Ae:
545 1697 770 1749 λινόδεσμος
808 1714 910 1751 pers.
946 1703 994 1739 68
1033 1698 1215 1752 (σχεδίᾳ),
1248 1696 1467 1752 ἁβρόπηνος
1497 1703 1552 1750 pt.
1579 1713 1639 1755 ag.

325 1771 399 1806 690
425 1763 809 1818 (προκαλυμμάτων),
834 1764 1079 1817 μανόστιῑμος
1104 1767 1152 1805 fr.
1176 1769 1249 1805 411
1278 1765 1494 1816 (πέπλοις),
1522 1763 1641 1804 πολύ-

322 1846 438 1880 μιτος
476 1832 525 1871 al.
567 1845 650 1883 sup.
691 1835 766 1871 433
792 1830 1003 1882 (πέπλων),
1030 1829 1295 1880 πολύψαμμος
1311 1831 1346 1881 ¹)
1371 1834 1427 1881 pt.
1454 1844 1537 1881 sup.
1565 1834 1640 1870 870

324 1899 487 1949 (χῶμα),
528 1895 750 1948 πάγχαλκος
787 1898 837 1937 al.
866 1901 961 1948 sept.
990 1900 1061 1936 591
1090 1893 1289 1948 (ἀσπίδα),
1316 1892 1487 1948 εὖήτριος
1512 1897 1561 1936 al.
1590 1897 1638 1936 fr.

324 1967 373 2001 45
414 1961 624 2014 (ὕφασμα),
665 1960 847 2009 εἴχαλκος
884 1963 921 2000 h.
962 1966 1058 2011 sept.
1098 1965 1173 2000 459
1206 1959 1411 2011 (κράνους),
1437 1975 1538 2012 pers.
1565 1964 1640 2000 456

325 2025 532 2079 (ὅπλοισι),
572 2025 741 2077 ἔμμοιος
779 2027 828 2068 al.
869 2028 928 2068 ch,
967 2029 1039 2067 471
1081 2022 1222 2074 (ἷίκος),
1261 2023 1430 2078 ζάπυρος
1455 2041 1514 2078 pr.
1544 2030 1643 2067 1084

324 2091 464 2137 (ἕλικες
490 2096 682 2143 στεροπῆς
707 2093 814 2140 ζ-οι).

427 2168 477 2208 P:
506 2165 800 2220 φοινικόκροκος
827 2169 875 2209 01.
904 2168 979 2217 VI,
1008 2172 1055 2208 39
1083 2164 1248 2216 (ζώναν),
1275 2164 1496 2218 πάγχρυσος
1520 2169 1570 2208 al.
1591 2168 1640 2208 ol.
1676 2180 1680 2184 ·

326 2234 425 2283 VII,
465 2237 491 2273 4
529 2231 744 2286 (κορυφάν),
784 2239 863 2286 pyt.
898 2234 971 2283 IV,
1007 2238 1055 2273 68
1087 2230 1247 2281 (νάκος),
1274 2231 1566 2286 παμπόρφιιρος
1591 2234 1641 2274 01.

326 2300 401 2350 VI,
430 2303 477 2340 55
504 2295 681 2349 (ἀκτῖσι),
709 2296 894 2350 εἶ’·μαλλος
918 2301 1018 2341 istm.
1047 2300 1121 2348 IV,
1150 2303 1197 2339 69
1225 2297 1408 2349 (μίτραν).

430 2485 458 2522 ¹)
479 2483 558 2515 Cod.
583 2484 641 2513 πολ
647 2483 833 2523 υψοίμαθον.
