1835 2968
780 287 852 326 145

86 422 89 427 ,
154 391 290 436 τοῖχος
316 386 356 425 ἐν
379 382 483 439 μάχῃ
515 383 640 437 δορός,
666 388 726 428 ch.
754 391 828 428 662
854 386 894 426 ἐν
919 385 1072 437 δόμοισι
1102 383 1314 432 πανδόκοις
1339 385 1468 436 ξένων,

154 455 215 495 ch.
255 458 303 494 27
343 450 574 505 λινοφθόροι
613 451 886 506 δ’ὑφασμάτων
921 452 1086 502 λακίδες,
1125 467 1186 504 ag.
1216 457 1287 493 783
1325 450 1468 501 Τροίας

154 518 407 568 πτολίπορθ’,
446 523 542 569 sept.
583 522 631 558 62
670 519 760 565 ναὸς
803 519 934 564 κεδνὸς
972 517 1268 571 οἰακοστρόφος,
1300 532 1361 569 pr.
1392 520 1466 557 515

152 582 316 636 ἀνάγκης
347 583 450 627 ἐστὶν
481 582 774 636 οἰακοστρόφος,
806 598 905 624 eum.
933 587 1007 624 940
1033 582 1206 636 φλογμός
1230 587 1264 622 τ’
1293 580 1467 632 ὄμματο-

153 648 288 702 οτερὴς
313 653 452 701 φυτῶν,
480 663 539 699 ag.
568 653 616 689 53
643 647 865 702 δεμνιοτήρη
890 647 1010 688 πόνον
1028 646 1238 699 ὀρταλίχων
1256 646 1468 696 ὀλέσαντες,

152 729 212 765 ag.
243 720 340 755 1170
369 714 499 755 θυσίαι
528 717 756 761 πολυκανεῖς
780 719 916 765 βοτῶν.
961 717 1007 756 Ρ.
1034 730 1134 756 nem.
1161 716 1236 766 VI,
1257 720 1304 755 69
1331 717 1468 765 χειρῶν

151 796 194 821 τε
225 780 290 820 καὶ
316 780 446 831 ἰσχύος
471 779 624 831 ἁνίοχον
649 782 726 826 (cfr
751 795 838 833 pag.
866 785 928 831 43,
956 783 1015 822 ch.
1044 784 1147 832 998).
1200 784 1264 822 Ex
1290 783 1347 831 iis,
1374 795 1467 832 quo-

139 847 239 888 rum
277 849 386 899 prior
424 862 516 900 pars
555 853 614 888 est
652 861 791 887 nomen
829 850 989 897 agentis,
1023 862 1141 888 unum
1175 862 1263 888 cum
1289 849 1465 897 genetivo

152 915 226 955 hoc
244 915 358 955 modo
376 916 624 966 conjunctum
643 919 718 954 est:
739 911 928 963 δωμάτων
946 912 1209 964 ἐρειψίτοιχος
1227 919 1340 966 (sept.
1360 915 1466 965 881).

253 981 519 1031 Compositum
544 994 616 1031 pro
643 982 796 1020 nomine
823 981 995 1030 simplice
1021 982 1188 1030 positum
1214 995 1297 1020 esse
1314 981 1467 1020 videtur

149 1048 190 1086 in
229 1047 304 1086 his:
344 1059 404 1096 ag.
444 1049 518 1085 437
552 1042 572 1083 ὃ
603 1045 864 1094 χρυσαμοιβὸς
891 1041 1041 1097 δ”Άρης
1073 1044 1264 1094 σωμάτων
1280 1049 1325 1097 ι),
1365 1060 1465 1086 eum.

151 1117 224 1152 637
252 1116 318 1151 τοῖ’
345 1109 603 1165 στρατηλάτου
629 1115 732 1160 νεῶν,
758 1117 854 1162 sept.
885 1116 955 1151 729
975 1109 1140 1150 κτεάνων
1156 1110 1468 1165 χρηματοδαίτας

151 1177 291 1229 πικρός
329 1179 416 1230 (cfr.
449 1179 567 1218 Hom.
601 1175 765 1224 αἰπόλος
797 1175 924 1228 αἰγῶν,
950 1179 1047 1218 Eur.
1073 1176 1372 1231 μηχανορράφος
1398 1193 1467 1217 κα-

151 1249 243 1291 κῶν,
269 1246 330 1285 cfr
355 1246 471 1284 etiam
498 1258 585 1294 pag.
615 1245 715 1293 115).

251 1311 367 1350 Prior
393 1322 485 1361 pars
512 1320 745 1360 quamquam
771 1311 811 1348 in
837 1311 950 1359 longe
975 1312 1150 1361 plurimis
1169 1311 1378 1350 accusativi
1396 1310 1464 1350 ob-

144 1378 240 1428 jecti
287 1390 446 1415 munere
491 1377 681 1425 fungitur,
726 1380 856 1415 tamen
900 1390 977 1416 non
1021 1377 1162 1417 desunt
1203 1377 1381 1427 exempla
1423 1378 1463 1415 in

149 1443 290 1493 quibus
328 1443 504 1492 genetivo
543 1447 613 1482 aut
650 1442 779 1481 dativo
818 1443 1061 1493 respondeat.
1119 1444 1199 1482 Ae:
1239 1441 1464 1491 πάμμαχος,

148 1505 435 1560 ἑκατοντάρχης,
462 1506 709 1559 στρατάρχης,
736 1506 950 1560 ταξιάρχης,
977 1505 1262 1560 (Ξργυροοτερής,
1289 1504 1464 1557 ὄμματο-

149 1572 292 1626 στερής,
320 1571 512 1624 αὖθάδηςς
537 1574 589 1612 P:
616 1572 804 1625 γυιαρκής,
831 1572 1021 1625 ξεναρκής,
1051 1571 1290 1624 θεοπρεπής.

252 1640 468 1691 Saepissime
507 1639 552 1679 fit
589 1639 693 1690 apud
731 1645 866 1691 poetas
903 1653 1061 1689 graecos,
1095 1644 1139 1679 ut
1164 1653 1211 1679 ea
1236 1640 1460 1691 composita,

148 1719 313 1756 quorum
339 1718 431 1755 pars
456 1706 649 1754 posterior
675 1710 734 1744 est
759 1718 898 1744 nomen
922 1707 1082 1754 agentis,
1101 1707 1158 1744 ita
1174 1706 1461 1744 transferantur

148 1777 192 1813 ut
215 1773 255 1812 in
282 1771 455 1812 suethice
481 1771 775 1822 interpretando
802 1771 1018 1812 nominibus
1044 1773 1194 1822 agentis
1211 1772 1460 1823 (participiis)

147 1840 203 1877 uti
246 1839 309 1877 vix
347 1838 475 1877 liceat.
531 1837 645 1888 Quod
685 1851 919 1888 quamquam
951 1840 1066 1877 etiam
1093 1840 1133 1877 in
1159 1839 1244 1878 aliis
1271 1838 1355 1876 fieri
1377 1839 1458 1888 jam

146 1917 266 1955 supra
291 1904 405 1944 docui
432 1904 510 1954 (cfr
536 1917 574 1954 p.
603 1907 764 1953 67—71,
795 1905 885 1955 134)
917 1908 1046 1944 tamen
1073 1909 1164 1945 ante
1190 1908 1322 1944 cetera
1346 1904 1386 1943 in
1411 1904 1459 1943 iis

146 1971 231 2009 fieri
269 1970 377 2018 solet,
419 1982 584 2019 quorum
609 1982 702 2020 pars
727 1971 835 2020 prior
861 1970 998 2009 directi
1025 1970 1177 2020 objecti,
1205 1969 1309 2020 quod
1335 1970 1456 2019 ajunt,

144 2049 304 2075 munere
328 2035 513 2085 fungitur.

248 2101 476 2150 Significant
514 2102 629 2152 hujus
669 2102 821 2150 generis
859 2103 1072 2152 composita
1110 2102 1300 2141 actionem
1332 2114 1353 2139 e
1379 2113 1457 2150 qua

144 2167 291 2217 aliquid
331 2167 480 2206 oriatur
513 2167 573 2206 vel
606 2180 771 2217 quacum
802 2168 1051 2218 conjunctum
1078 2169 1128 2207 sit
1153 2167 1213 2207 vel
1237 2167 1278 2206 in
1304 2179 1382 2216 qua
1407 2166 1457 2205 sit

143 2234 311 2284 positum
337 2234 440 2283 (gen.
467 2233 747 2284 epexegiticus)
773 2233 833 2273 vel
858 2234 898 2272 in
925 2247 1040 2284 quam
1067 2234 1144 2274 alia
1169 2234 1271 2273 actio
1293 2232 1455 2273 transfe-

143 2303 254 2338 ratur
279 2300 393 2358 (gem
410 2299 649 2350 objectivus).

246 2473 273 2509 ¹)
295 2471 422 2512 Enger:
446 2471 527 2503 ”der
545 2481 649 2513 yeyen
670 2472 791 2505 Leiber
810 2472 900 2505 Gom
915 2474 1127 2514 autument,
1144 2474 1244 2506 mimz.
1259 2474 1313 2506 die
1327 2474 1450 2514 Asche,

141 2521 248 2555 daher
278 2521 403 2554 selaeiekt
434 2531 470 2554 er
504 2523 608 2564 «νῇ-’μα
630 2536 668 2546 —
689 2522 755 2556 bes.
780 2533 853 2557 vom
883 2523 989 2558 Golde
1006 2524 1220 2567 gebrauchffl.
1263 2523 1343 2566 Quae
1364 2524 1450 2557 ratio

139 2574 378 2617 interpretandi
400 2574 497 2608 nimis
516 2574 697 2609 artificiosa
716 2574 860 2610 videtur.

1285 2638 1325 2672 17
