1835 2968
962 224 1034 260 122

329 325 466 376 positis
491 324 669 374 audacia,
696 327 828 363 tamen
853 323 1073 364 mirandum
1100 336 1177 363 non
1204 326 1274 373 est,
1302 336 1420 373 quum
1448 336 1551 375 saepe
1569 331 1652 363 ver·

328 391 428 431 balis
467 392 518 430 sit
554 391 663 441 prior
703 390 972 440 dependentiae
1000 390 1301 440 compositorum
1329 403 1432 440 pars,
1460 390 1653 440 adjectiva

330 471 485 508 quoque
512 456 659 497 vicibus
685 456 846 506 regendi
870 456 978 504 fungi
996 456 1178 507 potuisse.
1219 455 1388 495 Tantum
1408 457 1525 506 igitur
1543 456 1655 496 abest

330 528 376 563 ut
400 537 425 563 a
451 522 747 563 determinando
787 523 838 561 ad
878 522 1091 571 regendum
1117 523 1319 560 transierit
1343 524 1453 571 prior
1478 536 1582 573 pam,
1609 527 1655 562 ut

331 593 471 629 contra
496 589 566 628 illa
590 588 784 638 adjectiva
809 600 896 627 cum
912 591 1031 626 ·oerto
1058 599 1150 626 casu
1167 588 1349 637 conjungi
1367 588 1492 627 solere
1509 589 1654 628 acriter
1708 631 1710 635 y

332 656 372 694 in
414 655 596 705 fingendo
635 655 798 694 sensisse
838 658 879 693 et
918 654 958 693 in
997 654 1071 693 hoo
1096 654 1180 704 ipso
1207 653 1526 703 significationem
1552 667 1654 694 com·

333 722 451 772 positi
491 722 664 772 posuisse
706 720 838 760 Graeci
876 719 1042 770 putandi
1081 721 1168 758 sint.
1222 720 1341 770 Soph.
1380 734 1508 770 pauca
1539 721 1654 772 hujus

330 788 483 836 generis
509 787 637 826 finxit:
667 782 952 836 ἑχθροδαίμων,
979 782 1175 836 ἡδύπολις,
1202 782 1420 836 ἱσόσπριος.

432 909 470 948 2.
523 908 637 948 Raro
679 908 743 956 fit,
786 908 836 946 ut
867 907 1110 957 posteriore
1150 906 1195 946 in
1235 908 1358 957 parte
1399 908 1651 948 vocabulum

330 985 486 1025 regens
514 974 704 1025 positum
732 973 802 1013 sit.

431 1069 513 1106 Ae:
542 1062 799 1115 ἆστρογείτων
824 1079 883 1115 pr.
913 1068 981 1104 721
1011 1061 1232 1115 (κορυφάς),
1261 1061 1492 1114 ἀστυγείτων
1517 1066 1566 1105 al.
1593 1079 1653 1115 ag.

330 1136 403 1173 309
444 1128 643 1182 (σκοπάς),
684 1127 895 1180 πάγκοινος
934 1130 984 1170 al.
1012 1134 1108 1181 sept.
1138 1133 1210 1170 607
1252 1127 1456 1183 (μάστιγι),
1490 1131 1550 1171 ch.
1578 1134 1654 1171 458

329 1196 514 1250 (στάσις),
555 1195 762 1241 παναίτιος
800 1201 855 1247 pt.
895 1210 955 1245 ag.
1000 1199 1096 1235 1485
1136 1196 1252 1247 (Διὸς
1285 1211 1383 1234 π-ου
1409 1197 1653 1248 πανεργέτα),

329 1278 429 1305 eum.
457 1267 544 1304 200.
1099 1308 1101 1311 ¹

431 1330 483 1369 P:
517 1326 728 1379 πάγκοινος
754 1329 804 1368 al.
832 1329 882 1368 ol.
910 1329 986 1375 VI,
1013 1332 1061 1367 63
1088 1325 1261 1378 (χώραν),
1288 1328 1336 1367 fr.
1367 1331 1425 1378 74,
1449 1340 1466 1370 7
1494 1327 1653 1379 (τέρας),

330 1397 379 1436 fr.
410 1399 482 1435 190
508 1392 720 1447 (φθέγμα),
755 1391 983 1440 πολύκοινος
1008 1394 1058 1434 al.
1085 1397 1165 1444 pyt.
1193 1394 1326 1443 II‚-41
1355 1390 1577 1445 (ἀγγελίαν).

431 1462 489 1501 Ut
527 1461 633 1512 apud
672 1465 824 1504 ceteros
861 1461 1071 1510 scriptores
1111 1460 1225 1510 hujus
1257 1462 1408 1509 generis
1440 1462 1655 1511 composita

329 1540 458 1579 pauca
483 1531 584 1576 sunt,
611 1528 669 1566 ita
694 1527 799 1577 apud
827 1526 1044 1566 Homerum
1072 1527 1136 1565 vix
1162 1526 1268 1565 aliud
1296 1527 1513 1577 exemplum
1536 1540 1653 1576 quam

331 1589 553 1638 θεοείκελος
584 1594 788 1633 invenitur.

330 1738 380 1788 ΙΙ.
444 1737 595 1787 Priore
644 1736 688 1786 ln
737 1738 865 1798 parte
906 1736 1021 1786 inest
1056 1736 1310 1798 praepositio
1344 1749 1439 1798 ‹111ae
1471 1739 1653 1799 posteri-

738 1824 858 1861 orem
898 1814 1070 1873 partem
1103 1814 1247 1872 regat.

433 1914 731 1965 Adjectivorum
776 1913 922 1953 vicibus
961 1927 1196 1963 quamquam
1225 1914 1363 1957 vmulto
1407 1914 1522 1964 plura
1568 1915 1653 1955 sun-

330 1983 486 2029 guntur,
532 1984 662 2019 tamen
707 1992 825 2018 unum
866 1979 1078 2018 alterumve
1117 1981 1166 2019 ad
1210 1979 1490 2018 substantivum
1529 1984 1653 2019 trans·

330 2059 505 2094 gressum
532 2051 601 2086 est.

436 2152 469 2189 1.
523 2128 789 2189 Posterioris
816 2148 955 2199 partis
983 2148 1118 2200 stirps
1146 2150 1221 2189 aut
1247 2148 1475 2190 immutata
1492 2150 1560 2190 est
1578 2151 1655 2191 aut

331 2226 410 2266 per
437 2230 458 2252 ο
485 2215 658 2254 Uteram
687 2215 779 2254 exit
810 2217 905 2260 (sive
931 2217 1048 2266 stirps
1074 2216 1197 2255 vocali
1226 2230 1247 2253 ο
1273 2216 1465 2266 producta
1491 2221 1550 2256 est
1575 2218 1653 2256 sive

330 2285 507 2321 extrema
531 2281 676 2320 vocalis
703 2281 778 2320 hac
804 2285 864 2320 est
889 2285 1067 2327 mutata).

432 2362 514 2403 Ae:
550 2359 732 2414 ἀγχίαλος
757 2364 795 2403 h.
822 2377 924 2414 pers.
954 2367 1027 2402 888
1054 2364 1143 2415 (τὰς
1169 2360 1282 2410 ἅ-ους
1308 2360 1485 2414 ἐκράτυνε
1509 2361 1652 2414 μεσάκ-

330 2444 420 2476 τους
462 2432 624 2481 Λῆμνον
663 2425 816 2481 Ἰκάρου
863 2427 1027 2481 θ’ἕδος),
1068 2426 1297 2479 ἀγχίπτολις
1339 2430 1390 2470 al.
1435 2434 1532 2482 sept.
1578 2433 1650 2470 501

329 2492 539 2546 (Παλλάς),
580 2491 824 2546 ἅμφίπτολις
862 2496 923 2535 ch.
967 2499 1013 2535 75
1052 2492 1264 2547 (ἀνάγκαν),
1298 2492 1530 2549 ἅμφιτειχής
1555 2500 1652 2548 sept.
