1835 2968
999 226 1047 262 10

353 328 504 366 humet.
558 328 736 377 Quorum
762 329 958 376 posterior
983 340 1077 376 pars
1102 331 1162 364 est
1185 322 1323 372 μάντις
1350 338 1442 363 num
1468 338 1516 363 ea
1541 326 1615 363 hoc
1640 325 1681 363 in

353 404 515 432 numero
539 392 723 443 ponenda
740 392 829 442 sint,
850 405 927 432 non
947 392 1041 431 satis
1060 393 1214 431 constat
1230 390 1333 429 inter
1352 389 1499 430 doctos.
1543 389 1682 441 Meyer
1734 416 1736 418 »

353 459 459 508 quod
485 459 601 498 affert
616 461 651 509 ¹)
678 472 750 498 cur
775 460 947 509 priorem
974 462 1127 508 partem
1149 458 1413 497 accusativum
1431 470 1515 496 esse
1533 456 1681 504 credat,

352 524 610 575 posteriorem
649 527 803 575 partem
830 536 977 573 eorum,
1015 535 1102 573 quae
1129 525 1333 561 enumerat
1359 519 1682 572 (κοσκινόμαντις,

353 587 613 641 νεκρόμαντις,
653 587 899 640 χειρόμαντις
937 594 978 630 et
1009 590 1167 640 similia.)
1198 589 1394 628 verbalem
1421 590 1498 628 vim
1523 589 1681 638 habere,

354 668 433 695 non
472 656 568 695 satis
607 660 668 696 est
699 656 751 696 ad
786 656 1044 707 probandum.
1098 655 1149 694 In
1188 655 1265 694 illis
1305 655 1406 694 enim
1446 655 1683 706 compositis,

355 723 428 762 nisi
455 723 561 773 apud
587 725 827 774 posteriores
853 725 1064 774 scriptores
1090 736 1167 762 non
1198 722 1394 770 adhibitis,
1431 723 1540 772 prius
1567 735 1682 761 mem-

354 787 482 838 brum,
520 793 684 840 excepto
718 786 957 838 ὑετόμαντις,
997 788 1191 840 objectum
1227 787 1390 837 intelligi
1426 801 1505 828 non
1540 791 1681 840 potest.

356 855 650 903 Adverbialem‚
677 860 723 894 ut
748 856 871 905 ajunt,
899 856 975 893 vim
1002 855 1131 904 habet,
1160 859 1205 894 ut
1230 854 1422 910 significet
1446 859 1516 894 aut
1541 868 1618 904 quo
1642 856 1683 893 in

354 932 497 967 genere
528 924 599 960 aut
629 934 708 971 qua
733 922 886 960 ratione
913 920 983 960 fiat
1009 934 1073 959 ars
1099 920 1310 959 divinandi.
1362 919 1495 958 Etiam
1523 933 1570 959 ea
1595 933 1682 970 quae

355 986 479 1026 nostri
524 986 660 1027 dicunt
703 987 974 1036 kortspdma'n,
1019 986 1337 1036 kaffespdkva'nna
1387 986 1685 1027 determinativa

355 1056 457 1091 sunt.
511 1053 568 1092 Et
603 1066 736 1093 vocem
774 1049 923 1100 μάντις,
964 1053 1069 1102 quod
1096 1052 1378 1091 substantivum
1410 1057 1524 1101 esset,
1551 1057 1683 1092 tamen

356 1117 552 1158 verbalem
592 1120 667 1158 vim
707 1119 915 1169 accepisse,
947 1122 993 1158 ut
1023 1120 1131 1169 prius
1163 1118 1378 1158 membrum
1405 1118 1601 1169 objectum
1627 1119 1683 1157 in-

356 1184 612 1235 telligeretur,
633 1185 738 1224 haud
758 1184 1002 1224 crediderim.
1047 1184 1134 1224 Nec
1153 1185 1276 1234 magis
1295 1184 1482 1224 Glemmio
1493 1186 1528 1235 ²)
1555 1198 1683 1224 assen-

356 1251 435 1289 tior
461 1251 607 1291 dicenti
633 1252 743 1302 prius
768 1250 984 1289 membrum
1011 1251 1051 1288 in
1079 1251 1256 1289 omnibus
1282 1251 1502 1301 hujusmodi
1530 1264 1683 1301 compo·
1734 1299 1737 1302 ,

356 1316 440 1356 sitis
466 1317 645 1366 genetivo
663 1316 914 1367 respondere.
955 1316 1095 1367 Neque
1114 1317 1279 1366 enim„si
1298 1316 1529 1357 vocabulum
1547 1315 1684 1365 μάντις
1752 1363 1755 1367 ,

356 1395 446 1421 cum
471 1384 652 1431 genetivo
679 1383 862 1433 conjungi
888 1386 1028 1432 potest,
1056 1382 1203 1422 idcirco
1221 1384 1262 1422 in
1281 1385 1496 1433 composito
1514 1384 1554 1422 id
1572 1396 1682 1423 voca-

358 1446 507 1498 bulum,
548 1461 716 1499 quocum
748 1448 998 1499 conjunctum
1025 1449 1086 1499 sit,
1114 1450 1291 1504 gene-tivo
1317 1449 1555 1500 respondere
1581 1450 1683 1499 cogi-

356 1514 520 1553 tandum
560 1528 656 1564 esse,
696 1516 783 1564 quis
821 1518 882 1553 est
920 1516 1015 1563 quin
1053 1515 1209 1554 videat?
1251 1517 1362 1554 Licet
1400 1516 1680 1555 substantivum

356 1580 534 1628 genetivo
575 1579 822 1632 respondeat,
862 1579 1096 1632 adjectivum
1137 1593 1230 1620 sane
1261 1577 1487 1621 attributive
1512 1582 1682 1632 positum

356 1647 487 1697 potius
529 1646 779 1697 cogitandum
819 1650 888 1686 est.
942 1647 1079 1697 Atque
1118 1647 1214 1687 talia
1252 1648 1384 1698 qualia
1409 1651 1501 1687 sunt
1527 1645 1683 1696 πρωτό-

356 1725 506 1759 μαντις,
553 1710 815 1761 κλυτόμαντις,
859 1709 1125 1760 σεμνόμαντις,
1164 1708 1441 1761 ἀριστόμαντις
1477 1713 1562 1752 fieri
1605 1726 1682 1752 non

357 1781 488 1828 potest
519 1779 614 1828 quin
647 1778 874 1818 attributive
900 1778 1180 1827 intelligantur.

461 1858 499 1897 b.
553 1858 671 1897 Prior
690 1871 791 1907 pars
815 1859 987 1908 genetivo
1014 1859 1228 1906 respondet.

461 1930 540 1968 Ae:
597 1926 822 1977 Βοὺλαρχος
865 1942 949 1980 sup.
999 1932 1062 1978 12,
1108 1932 1200 1978 969,
1252 1927 1529 1981 μυριόνταρχος
1579 1945 1681 1982 pers.

354 1994 447 2045 314,
476 1998 552 2035 994
569 1997 614 2045 ³),
655 1994 906 2047 πολέμαρχος
932 1995 982 2035 al.
1009 1999 1106 2045 sept.
1135 1996 1221 2044 828,
1249 1995 1309 2040 ch.
1339 1998 1437 2035 1072
1468 1997 1532 2046 (π.
1559 1994 1683 2049 ἀνήρ),

359 2058 596 2110 στασίαρχος
635 2065 691 2112 pt.
726 2074 811 2112 sup.
848 2064 906 2111 13,
949 2058 1138 2109 τόξαρχος
1163 2061 1213 2100 al.
1241 2074 1342 2111 pers.
1371 2064 1457 2111 556,
1483 2058 1685 2111 τόπαρχος

359 2128 419 2167 ch.
449 2130 525 2167 664
541 2129 574 2177 ⁸)
613 2128 717 2179 (γυνὴ
744 2128 863 2178 τ-ος),
905 2124 1116 2179 στρατηγός
1155 2127 1205 2166 al.
1233 2131 1330 2177 sept.
1358 2131 1445 2177 816,
1486 2125 1684 2177 χιλίαρχος

359 2194 410 2233 al.
450 2207 552 2243 pers.
593 2196 679 2242 304,
721 2190 898 2243 οἰκουρός
935 2193 985 2232 al.
1026 2206 1086 2241 ag.
1124 2196 1232 2241 1225,
1268 2196 1378 2241 1626,
1406 2191 1684 2242 πολυκοίρανος

359 2260 410 2299 al.
451 2259 499 2298 fr.
540 2262 601 2308 92,
640 2255 896 2310 μουσομήτωρ
935 2272 994 2309 pr.
1035 2262 1107 2297 461
1150 2255 1314 2310 (μνήμης
1352 2254 1536 2295 ἁπάντων
1573 2259 1683 2308 ,ιι-ορ’

465 2361 492 2397 ¹)
513 2360 582 2392 Zur
602 2370 654 2401 gr.
676 2360 934 2400 nominalcomp.
956 2369 990 2399 p.
1014 2360 1085 2391 252.

464 2412 493 2449 ²)
515 2410 576 2442 Die
598 2420 673 2442 neu.
697 2410 836 2443 Forsch.
861 2421 895 2451 p.
919 2412 970 2443 85.

464 2463 491 2503 ⁸)
514 2460 595 2495 ”Ubi
616 2462 758 2494 metrum
782 2461 928 2502 postulat
948 2462 1141 2503 μυριοιαγόν
1162 2460 1252 2502 quod
1273 2460 1422 2493 restitui’''
1444 2459 1484 2492 D.

464 2515 495 2557 ⁶)
516 2512 598 2547 Cod.
621 2513 794 2553 τόπαρχος,
815 2511 891 2545 vide
912 2512 1011 2547 Dind.
1033 2511 1099 2545 lex.
