1835 2968
1009 209 1060 248 54

369 309 582 348 verbalium
619 310 659 348 in
700 323 786 354 -τος
825 309 1065 358 significatio.
1118 309 1242 359 Apud
1281 309 1519 360 Aeschylum
1557 313 1689 358 autom
1726 307 1728 310 ’

368 375 486 414 latius
511 376 651 426 patuit.

470 442 552 481 Ae:
580 437 736 487 ἅαπτος
762 441 800 481 11.
820 443 868 481 fr.
889 445 975 491 211,
1004 437 1236 489 ἀβδέλυκτος
1254 441 1301 481 fr.
1323 444 1407 491 130,
1434 437 1689 492 ἅβουκόλητος

367 520 451 557 sup.
480 510 567 557 929,
607 503 820 556 ἀγέλαστος
845 508 883 548 h.
911 508 970 547 ch.
1000 511 1048 546 30
1079 504 1207 557 (ἅ-οις
1243 506 1489 558 ξυμφοραῖς),
1528 504 1689 552 ἅδαιτος

367 585 428 622 ag.
457 575 529 612 147
557 569 747 624 (θυσίαν),
775 569 1003 626 ἀείμνηστος
1028 573 1077 613 al.
1104 585 1205 624 pem.
1236 575 1308 612 760
1335 568 1491 624 (ἔργον),
1523 570 1689 618 ἄθικτος

367 640 418 679 al.
445 652 505 688 ag.
535 642 606 678 371
647 636 777 688 (ὅσοις
808 636 910 677 ἀ-ων
942 637 1053 688 χάρις
1082 639 1282 690 πατοῖτο),
1322 635 1538 688 ἅμέγαρτος
1560 632 1600 679 11.
1628 653 1686 690 pr.

366 708 454 755 402,
495 718 578 756 sup.
620 708 694 744 642
733 702 949 756 (ποίμναν),
990 701 1182 750 ἅπευκτός
1212 705 1261 744 al.
1289 717 1349 754 ag.
1378 706 1451 743 638
1476 702 1687 756 (πήματα),

366 785 450 822 sup.
473 774 546 810 790
564 767 733 822 (ἄνδρα),
761 767 977 819 ἀπεύχετος
994 772 1054 811 ch.
1077 774 1149 810 155
1168 768 1310 822 (ἄγος),
1330 773 1405 810 624
1422 768 1687 822 (γαμήλευμα),

366 833 527 888 ἄτλητος
565 837 603 876 11.
643 850 702 886 ag.
743 840 818 876 408
858 833 948 887 (ὀί-α
985 837 1139 887 τλᾶσα),
1180 835 1374 888 ἐπήρατος
1407 837 1445 876 11.
1472 850 1571 876 eum.
1600 840 1685 886 958,

367 900 617 948 ἑποίκτιστος
655 916 715 951 ag.
759 905 853 941 1221
895 901 1061 954 (γέμος),
1102 899 1332 952 εὖδάκριτ()ς
1357 903 1416 942 ch.
1447 905 1516 941 181
1545 900 1686 955 (τάδε),

367 965 638 1014 κατάπτυστος
654 970 704 1008 al.
725 969 785 1008 ch.
807 972 881 1007 632
896 967 1058 1020 (κακόν),
1073 983 1172 1008 eum.
1188 972 1236 1008 68
1250 966 1410 1019 (κόραι).
1437 968 1687 1020 Adjectivum

366 1028 521 1085 quoque
559 1036 690 1086 priore
730 1037 770 1074 in
802 1040 915 1085 parte
940 1037 1032 1086 poni
1058 1039 1203 1086 potest:
1245 1032 1487 1084 πάγκλαιτος
1512 1035 1561 1074 al.
1589 1040 1685 1086 sept.

367 1104 440 1139 368
467 1097 662 1151 (ἀλγέων),
689 1114 791 1152 pers.
819 1104 894 1140 822
921 1100 1089 1152 (θέρος),
1117 1098 1384 1149 πανδάκρυτος
1411 1101 1459 1139 al.
1487 1105 1583 1151 sept.
1613 1104 1687 1140 654

364 1164 519 1217 (γένος),
548 1164 766 1216 πάνδυρτος
791 1167 841 1206 al.
869 1171 965 1218 sept.
995 1170 1069 1206 968
1105 1164 1171 1217 (ia)
1199 1180 1269 1204 π-ε
1296 1163 1369 1217 σύ),
1404 1163 1687 1216 πολυδάκρυτος

364 1232 402 1270 h.
430 1232 490 1270 ch„
520 1235 594 1270 333
622 1231 799 1283 (πένθη).

467 1298 517 1337 P:
548 1295 742 1350 ἐπήρατος
767 1299 805 1337 11.
832 1302 911 1349 pyt.
940 1298 990 1347 V,
1020 1302 1066 1338 73
1085 1296 1242 1348 (κλέος),
1261 1299 1361 1338 istm.
1384 1297 1431 1346 V,
1455 1301 1497 1337 11
1518 1295 1683 1348 (δόξαν),

364 1360 546 1414 εὖὴρατος
572 1368 651 1414 pyt.
681 1364 761 1412 IX,
790 1368 826 1413 8,
852 1361 1113 1410 μεταλλακτός
1139 1365 1185 1403 fr.
1215 1367 1300 1402 241.

466 1430 530 1470 Ex
556 1430 758 1481 adjectivis
785 1429 1005 1470 verbalibus
1031 1431 1070 1469 in
1099 1445 1183 1476 -τος
1209 1430 1332 1470 multa
1358 1433 1449 1469 sunt
1475 1443 1560 1480 quae
1588 1430 1683 1469 alias

362 1497 478 1536 aliam
506 1497 676 1536 habeant
702 1497 1036 1546 significationem:
1064 1494 1255 1548 ἀδήριτος,
1284 1493 1457 1542 ἄνιπτος,
1478 1493 1682 1545 ἄγνωστος,

362 1558 561 1609 ἄκλαυτος,
601 1559 849 1615 ἀμφίλεκτος,
881 1559 1103 1612 ἀγέλαστος,
1130 1559 1310 1609 ἄθεκτος,
1338 1559 1521 1611 ἄτρωτος,
1549 1558 1683 1613 ἀφθο-

362 1642 472 1679 νητος
511 1633 550 1668 et
589 1630 677 1668 alia.
731 1629 832 1669 Sunt
870 1642 962 1668 sane
996 1629 1113 1668 etiam
1146 1642 1232 1678 quae
1260 1642 1336 1678 quo
1363 1629 1402 1666 in
1429 1642 1589 1667 numero
1616 1642 1682 1678 po-

362 1693 491 1734 nenda
530 1695 607 1734 sint
644 1708 716 1745 pro
754 1698 863 1734 certo
903 1695 1021 1734 statui
1059 1707 1135 1733 non
1175 1695 1296 1744 possit
1328 1691 1503 1745 (ἄβατος,
1531 1690 1680 1741 aomos,

360 1756 526 1807 ἄαπτος,
559 1757 757 1811 ἄπιστος).

464 1826 578 1877 Quod
606 1827 766 1867 Curtius
784 1828 818 1877 ¹)
845 1826 941 1865 dicit
964 1826 1169 1865 discrimen
1188 1827 1477 1875 significationis
1495 1828 1681 1865 interesse

360 1894 462 1932 inter
488 1894 680 1943 barytona
705 1898 746 1933 et
771 1897 940 1944 oxytona
957 1881 1320 1932 90111111ν611131111111
1339 1894 1379 1932 in
1399 1906 1497 1940 -τος,
1516 1906 1681 1943 quorum

360 1971 452 2009 pars
477 1960 587 2008 prior
613 1960 664 1998 sit
680 1960 915 2009 praepositio,
935 1959 1009 1998 hoc
1027 1960 1132 2009 apud
1152 1958 1390 2010 Aeschylum
1409 1964 1449 1998 et
1465 1959 1679 1998 Pindarum

361 2024 531 2064 nondum
558 2018 829 2065 confirmatum
855 2029 924 2065 est.
968 2026 1126 2065 Etenim
1153 2029 1198 2065 ut
1223 2030 1391 2077 oxytona
1415 2038 1491 2065 non
1514 2026 1571 2065 ita
1588 2039 1678 2065 raro

359 2091 555 2141 participii
570 2092 734 2142 perfecti
747 2092 888 2142 passivi
902 2092 1220 2140 significationem
1239 2092 1385 2131 habent
1398 2091 1496 2142 (Aez
1517 2088 1679 2140 ἐνδυτός,

360 2153 547 2205 ἑπακτός,
593 2154 871 2207 ἑπιστρεπτός,
916 2155 1188 2206 μεταλλακτός,
1233 2155 1509 2210 προσδοκητός,
1554 2173 1679 2211 προσ-

361 2220 522 2271 παρτός,
564 2221 838 2272 συγκαλυπτός,
878 2224 929 2263 P:
958 2221 1139 2272 ἒπακτός,
1180 2221 1390 2269 ἑπιτακτός
1422 2221 1584 2273 συνετός,
1623 2227 1679 2266 ita

359 2288 443 2327 haec
462 2292 614 2327 tantum
633 2293 801 2339 oxytona
817 2290 1070 2339 potentialem
1084 2291 1160 2329 vim
1173 2290 1335 2329 habent:
1355 2291 1436 2329 Ae:
1456 2286 1678 2339 ἀνασχετός,

358 2349 536 2402 ἅνεκτός,·
573 2354 625 2395 P:
651 2351 924 2404 μεταλλακτός,
951 2352 1190 2407 παρφυκτός.

462 2499 490 2542 ¹)
511 2498 578 2532 Das
599 2498 641 2533 V.
663 2498 706 2542 11,
727 2499 798 2533 361.
