1835 2968
956 210 1005 248 28

309 310 360 351 al.
400 323 501 350 nem.
540 309 632 359 VII,
672 313 733 360 89,
775 307 974 357 ἐπιδέξιος
999 311 1037 350 11.
1064 315 1145 361 pyt.
1176 311 1247 360 VI,
1277 315 1324 350 19
1357 308 1457 362 (ἑ-ια
1482 307 1637 366 χειρός).

310 374 449 428 νήπιος
473 376 512 416 1ι.
540 380 620 428 pyt.
650 376 721 426 111,
749 380 811 417 82.

414 443 515 483 Haec
556 444 698 494 omnia,
739 446 922 494 quoniam
961 444 1155 495 posterior
1187 457 1280 494 pars
1312 445 1493 495 (excepto
1524 442 1640 492 διαμ-

311 506 457 562 φίδιος,
475 507 633 562 νήπιος)
655 523 727 561 per
745 524 786 551 se
805 512 890 562 ipsa
908 514 978 559 est,
997 523 1090 550 vera
1107 511 1323 560 composita
1339 509 1520 550 habenda
1537 512 1640 549 sunt·-

412 576 599 616 Alterum
639 581 699 616 est
729 590 850 627 genus
882 577 933 617 ad
960 577 1065 627 quod
1086 589 1178 627 ¹quae
1204 577 1404 627 pertinent
1429 589 1479 616 an
1505 577 1545 615 in
1572 588 1640 615 nu-

312 655 420 681 mero
447 642 717 693 dependentiae
744 644 1046 692 compositorum
1072 642 1255 692 ponenda
1281 646 1421 691 essent,
1448 646 1507 681 est
1532 641 1640 680 dubi„-

312 712 450 757 tatum,
478 720 526 747 ea.
552 708 651 758 dico,
679 721 845 759 quorum
872 710 981 759 prior
999 721 1092 760 pars
1111 712 1171 748 est
1193 708 1429 759 praepositio,
1447 708 1640 759 posterior

313 787 454 813 nomen
497 775 793 824 substantivum,
837 776 901 815 cui
944 775 1227 824 secundarium,
1269 778 1314 814 ut
1351 775 1474 814 nostri
1518 775 1640 825 ajunt,

312 840 495 879 suffixum
536 854 574 877 ιο
615 841 791 880 additum
831 842 892 880 sit.
948 840 1062 892 Quod
1103 840 1258 891 quidem
1294 840 1476 879 suffixum
1508 843 1639 879 utrum

313 907 459 946 nomini
497 907 555 946 illi
593 908 703 958 prius
741 907 919 947 additum
959 909 1010 947 sit
1048 920 1166 958 quam
1205 907 1395 947 vocabula
1433 907 1641 958 conjuncta

313 974 401 1022 sint,
430 978 474 1012 ιιι
498 975 607 1023 prior
632 964 725 1024 pers
752 974 1036 1013 determinandi
1062 986 1201 1012 munus
1227 974 1452 1024 susciperet,
1478 986 1528 1012 an
1552 975 1642 1023 post

314 1043 497 1079 novatum
525 1053 573 1078 ex
600 1041 873 1091 conjunctione
906 1040 1135 1080 vocabulum
1167 1041 1217 1079 sit
1242 1039 1424 1079 suffixum
1451 1040 1640 1089 additum,

314 1110 358 1145 ut
385 1111 540 1156 regeret
565 1120 657 1157 pars
675 1109 784 1158 prior
801 1109 1069 1158 posteriorem,
1088 1108 1125 1146 h.
1146 1121 1178 1145 e.
1199 1111 1341 1153 utrum,
1361 1110 1406 1145 ut
1422 1106 1640 1156 exemplum

314 1172 487 1221 afferam,
507 1173 547 1212 id
567 1174 671 1223 quod
688 1178 747 1213 est
761 1171 965 1224 ἐναγώνιος
978 1174 1028 1212 ab
1043 1170 1218 1222 ἒν-αγιόνι
1225 1186 1268 1218 ος
1280 1186 1331 1212 an
1346 1173 1397 1212 ab
1416 1168 1642 1221 ἕναγιόν-ιος

315 1243 443 1277 ortum
483 1240 545 1288 sit,
586 1253 633 1279 ea
665 1254 807 1289 magna
834 1242 996 1290 quaestio
1023 1244 1092 1278 est,
1148 1240 1248 1278 Illud
1276 1241 1414 1279 statuit
1439 1240 1576 1290 Meyer
1593 1241 1639 1290 ¹),

314 1305 388 1343 hoc
417 1305 812 1357 Weissenbornius²),
841 1319 959 1356 quum
987 1306 1196 1346 Olemmius
1213 1310 1337 1345 totam
1354 1319 1436 1345 rem
1456 1307 1495 1345 in
1514 1306 1640 1346 medio

314 1371 512 1421 relinquat
527 1373 574 1422 ³).
628 1371 688 1411 At
718 1374 833 1422 enim,
865 1374 897 1412 si
923 1374 1050 1412 altera
1076 1386 1168 1412 vera
1195 1376 1254 1411 est
1278 1373 1417 1412 harum
1444 1374 1545 1412 ratio
1572 1373 1641 1411 fin-

314 1437 430 1485 gendi
470 1438 670 1487 vocabula,
711 1453 788 1478 non
828 1440 1023 1488 continuo,
1062 1439 1192 1487 credo,
1233 1440 1419 1489 sequitur,
1447 1443 1492 1478 ut
1517 1439 1642 1478 altera

314 1503 488 1543 tollatur.
556 1504 624 1543 An
669 1509 834 1555 utraque
879 1507 1029 1545 ratione
1073 1507 1130 1545 uti
1174 1519 1252 1544 non
1296 1506 1406 1544 licuit
1448 1504 1642 1544 sermoni?

317 1569 445 1619 Quam
483 1570 533 1609 ob
573 1584 655 1610 rem
696 1575 740 1609 ut
771 1573 811 1609 in
838 1573 884 1610 iis
910 1572 1110 1619 faciendis,
1138 1584 1304 1621 quorum
1331 1572 1524 1621 posterior
1550 1583 1642 1621 pars

314 1648 386 1685 per
425 1649 466 1674 se
504 1637 590 1686 ipsa
629 1641 688 1676 est
726 1637 971 1687 adjectivum,
1012 1650 1085 1687 ope
1125 1637 1254 1675 suffixi
1288 1651 1325 1674 ιο
1353 1650 1377 1675 a
1402 1637 1641 1676 substantivo

315 1702 562 1752 productum,
603 1703 696 1742 mihi
737 1703 892 1752 quidem
932 1703 1085 1742 videtur
1124 1716 1206 1742 esse
1239 1707 1382 1742 natura
1413 1704 1571 1752 factum,
1599 1707 1643 1743 ut

315 1770 540 1819 praepositio
580 1769 842 1809 adverbialem
881 1771 920 1808 in
958 1770 1114 1808 modum
1147 1783 1235 1809 cum
1267 1770 1458 1819 adjectivo
1484 1770 1643 1820 conjun-

316 1839 485 1884 geretur,
512 1837 579 1884 ita,
600 1848 765 1885 quorum
792 1836 985 1885 posterior
1011 1848 1103 1885 pars
1129 1849 1199 1885 per
1226 1848 1266 1874 se
1293 1835 1402 1874 nulla
1428 1839 1497 1884 est,
1524 1848 1572 1874 ea
1595 1849 1643 1874 ex

316 1903 602 1953 praepositionis
641 1914 729 1941 cum
762 1902 1003 1942 substantivo
1034 1903 1307 1953 conjunctione
1334 1902 1440 1941 facta
1465 1914 1559 1950 esse,
1588 1903 1643 1941 ita

318 1973 361 2008 ut
399 1982 492 2018 pars
530 1970 640 2018 prior
678 1969 933 2017 posteriorem
972 1972 1137 2017 regeret,
1169 1973 1252 2007 tum
1284 1968 1438 2006 demum
1465 1967 1641 2006 additum

317 2048 400 2075 esse
442 2049 480 2073 ιο
519 2034 701 2074 suffixum
733 2035 814 2073 veri
845 2034 1080 2074 simillimum
1107 2038 1176 2074 est.
1230 2034 1338 2074 Illius
1364 2033 1517 2083 generis
1542 2046 1643 2073 com-

317 2104 445 2152 posita
471 2102 555 2140 haec
581 2103 831 2140 inveniuntur
858 2101 963 2150 apud
991 2101 1230 2150 Aeschylum
1258 2105 1297 2139 et
1322 2100 1555 2139 Pindarum:

421 2169 502 2206 Ae:
530 2163 760 2211 διαπόντιος
786 2166 835 2205 al.
859 2157 925 2205 ch.
954 2168 1039 2215 352,
1068 2162 1221 2216 ἔγγαιος
1246 2166 1296 2205 al.
1323 2178 1425 2217 pers.
1452 2168 1538 2215 922,
1558 2176 1642 2216 sup.

318 2238 379 2283 59,
418 2230 623 2282 ἐναγώνιος
663 2233 699 2271 h.
743 2233 791 2271 fr.
836 2235 921 2280 387,
960 2229 1133 2277 ἐναίσιος
1158 2233 1208 2270 al.
1236 2232 1284 2271 fr.
1316 2236 1399 2280 178,
1428 2230 1578 2276 ἐνάλιος
1602 2232 1641 2270 h.

422 2408 451 2445 ¹)
472 2406 625 2447 Beith
645 2415 679 2446 p.
703 2406 740 2438 17
763 2415 810 2446 sq.

421 2458 450 2496 ¹)
471 2456 571 2498 Cuius
592 2459 704 2489 tamen
725 2456 766 2489 de
786 2456 849 2489 hac
869 2466 906 2489 re
926 2455 1048 2489 librum
1069 2464 1136 2488 non
1157 2454 1235 2488 vidi.

421 2510 448 2552 ²)
469 2508 531 2542 Die
551 2518 628 2542 neu.
648 2507 786 2542 Fon-sch.
806 2518 840 2550 p.
861 2509 913 2541 87.
